2776 4740
142 241 192 316 36

144 422 235 490 Aeol.
255 445 286 512 p.
305 422 423 490 273et
437 420 594 512 Berglius
616 421 722 511 pout
736 418 942 510 probabiliter
964 421 1189 489 emendarunt:
1211 416 1307 487 oiim

143 528 208 620 peip
231 524 279 615 (όῖ
303 529 390 615 Ahr.)
417 524 511 617 ripole
532 523 827 615 στεφανηπλόπουν
848 524 1155 618 (ἐστεφανηπλόκην
1174 531 1235 614 Α.).
1258 566 1300 576 -

147 633 318 714 λακάναις
334 635 450 726 Bergk.
475 635 561 725 vulg.
584 630 751 721 λαχάνοις.
802 635 911 702 Possis
935 636 1038 704 etiarn
1066 631 1224 724 λαχάνοις
1244 658 1298 700 su-

144 747 269 835 spicari.
291 782 334 792 —
356 736 388 806 τ’
413 741 470 825 Β.,
491 741 595 832 vulgo*
612 765 657 807 τε.
675 736 853 828 -’[πάνυ]
876 740 993 831 Bergk.
1016 743 1048 811 in
1070 744 1152 808 Actt.
1174 764 1206 831 p.
1226 741 1299 823 207,

144 854 177 918 in
193 851 230 916 P.
249 848 285 917 L.
307 847 345 915 G.
370 844 501 935 [poitul.
547 847 630 914 lllud
650 850 816 937 praestare
837 847 1028 914 videtur.-
1050 873 1080 914 v.
1100 849 1129 914 5.
1154 867 1298 920 -παντο-

145 956 295 1043 δαποῖστ]
308 955 363 1033 Β.,
386 954 484 1045 vulgo
508 949 770 1043 παντοδαπούς.Ἰ
800 953 1127 1042 Schweighaeuserus
1150 953 1298 1021 dederat:

144 1063 380 1137 παντοδαποῖς.
414 1098 456 1108 -
491 1059 532 1127 lb.
553 1058 722 1148 εὑρήμασι
748 1083 831 1127 unus
860 1059 946 1140 cod,
975 1080 1025 1148 ap.
1044 1056 1236 1150 Schweigh.
1260 1063 1296 1125 A.

143 1170 241 1239 habet
262 1165 423 1255 εὑρήματι
435 1169 527 1234 >unde
539 1167 722 1260 Schweigh.
732 1171 800 1258 jam
821 1169 1006 1257 conjectura
1021 1168 1142 1233 uerum
1162 1166 1297 1255 expedi-

143 1287 244 1344 verat.
277 1274 403 1342 Relieni
418 1269 573 1361 εόρὴκατι
589 1275 676 1341 unde
695 1274 796 1340 Koen.
811 1273 851 1338 ad
871 1272 1006 1362 Gregor.
1024 1270 1166 1338 Corinth.
1179 1293 1211 1360 p.
1227 1273 1295 1338 150.

142 1379 326 1471 εόρήκαντι.
375 1380 478 1471 Raph.
497 1380 626 1455 Fiorillo
656 1403 674 1445 a
702 1380 832 1470 vulgata
855 1401 920 1445 non
948 1379 1089 1444 recessit.
1143 1380 1296 1447 Ceterum

141 1490 334 1557 simillimam
354 1488 498 1554 invenies
522 1487 735 1554 elocutionem
747 1485 843 1574 'apud
865 1483 1075 1551 Xenarchum
1096 1487 1165 1552 sive
1185 1487 1295 1554 'l'imo-

140 1596 225 1664 clem
246 1597 278 1662 in
300 1593 468 1685 Porphyra
491 1616 540 1684 ap.
559 1593 673 1660 Athen.
692 1591 767 1675 Vll,
785 1615 815 1682 p.
828 1592 900 1680 319.
913 1594 950 1657 A.
984 1587 1153 1677 ἰχθυδίοις
1174 1586 1295 1680 εόρηκα

140 1698 377 1778 παντοδαποὺς
405 1700 530 1785 τέχνας.
561 1736 604 1747 -
666 1724 696 1764 v.
721 1701 749 1763 7.
798 1700 882 1764 Ante
909 1697 996 1763 hunc
1021 1721 1150 1763 versum
1180 1699 1296 1766 desunt

139 1809 303 1878 nonnulla.
346 1805 503 1896 Berglius
525 1808 558 1871 in
570 1807 652 1872 Actt.
672 1803 691 1870 l.
705 1803 724 1871 l.
745 1802 920 1893 supplevit:
944 1791 1028 1890 [εἶτα
1051 1803 1087 1868 δὲ
1109 1800 1295 1891 πρόσπολοι

140 1913 294 2003 άλλσι];’
285 1936 318 1979 1n
336 1911 419 1979 P..L
433 1911 471 1979 G.
485 1911 655 1979 asteriscos
676 1911 845 1999 posuit-
860 1904 1031 2000 πάρφερον
1049 1910 1084 1975 ἐν
1104 1914 1294 1997 κανέοιςΒ,

98 2069 99 2072 ¹
138 2048 170 2091 v.
184 2021 372 2119 παρέφερον
387 2017 423 2082 ἒν
438 2012 595 2084 κανέοισι.
626 2017 708 2082 Post
729 2011 876 2082 άλλοιὸ’
897 2039 971 2083 cum
987 2010 1127 2106 Bergkio
1145 2018 1293 2087 lacunam

136 2127 337 2195 indicavi—
358 2128 429 2192 v..8
441 2113 597 2201 τοῖςδ’”
577 2122 758 2211 cathedra
770 2118 1004 2212 naoiid'ffl„
1019 2120 1092 2190 libb.
1107 2124 1292 2212 παρῆλθεν.

137 2234 171 2300 et
184 2233 317 2299 ἔπελ-
319 2231 372 2299 ib
386 2226 507 2295 άλλά*
520 2226 650 2308 λόπας
677 2218 774 2318 ἧστο]
798 2230 910 2319 scripsi
932 2230 1121 2298 dubitanter.
1162 2229 1291 2314 Namri

136 2335 242 2418 λοπάς
263 2341 444 2432 sexcenties
472 2340 624 2420 occurrit,
653 2349 783 2405 atvero
806 2334 845 2401 τό
867 2332 977 2414 λόπσς
989 2358 1149 2427 nusquam
1174 2339 1291 2422 inveni,

135 2448 193 2518 sed
208 2447 249 2514 ad
267 2436 447 2537 analogiam
458 2447 547 2512 vocis
564 2442 601 2509 τό
616 2444 721 2520 δέπας
730 2466 852 2510 novare
866 2467 963 2511 εοεαε
975 2442 1060 2510 sum
1076 2441 1186 2522 toireio
1198 2434 1291 2526 ἧστο,

130 2558 198 2645 jam
219 2552 348 2619 Fiorillo
370 2553 503 2641 scripsit.
533 2551 651 2618 Co.dd
675 2546 747 2615 ἀλλ’
766 2545 984 2646 άλλοπλατεῖς
1005 2548 1062 2628 τό,
1081 2547 1290 2637 άλοπλατεῑς,

132 2655 322 2757 άλοπατεῖς
372 2657 586 2765 Berghinsr,
590 2646 800 2746 ‚Emendare
813 2663 974 2759 nequeo’fl
1009 2656 1189 2725 Similiter
1209 2656 1290 2727 inter

133 2751 281 2852 abactor
310 2774 342 2830 et
368 2748 510 2828 λοπάδα
530 2765 677 2860 distinxit
700 2763 905 2854 Antiphanes
925 2753 1099 2858 Athenaei
1097 2758 1160 2846 Ν,
1179 2787 1222 2856 p.
1229 2769 1288 2832 169

130 2872 185 2940 ubi
219 2867 353 2970 tortasse
383 2864 574 2961 legendum:
622 2891 666 2936 σν
699 2867 731 2934 d
763 2871 843 2948 λσως
869 2865 915 2967 όν
936 2871 1040 2948 εἴποις
1072 2868 1289 2951 λόπας.

130 2983 207 3046 v9.
241 2966 373 3042 παντε
382 2977 507 3057 παλές]
532 2975 673 3066 scripsi
705 2977 811 3045 Codd.
839 2965 939 3045 πάντ’
972 2971 1145 3066 ἔπαθε[ν],
1162 2975 1287 3060 πάντη

129 3080 284 3149 ἕπεσθον.
335 3083 492 3174 Bergliius
523 3078 764 3168 πανταχόθεν,
793 3094 840 3150 at
852 3106 924 3155 non
950 3085 1061 3152 credo
1078 3095 1144 3151 tam
1167 3097 1296 3154 notum

127 3189 263 3258 verbum
295 3187 484 3281 hujusmodi
502 3191 736 3280 corruptiones
770 3215 903 3282 passum
936 3215 1017 3259 esse.
1051 3229 1094 3249 -η
1144 3191 1288 3281 λιπαροῦ
1338 3176 1339 3179 ¹

127 3293 159 3361 τ’
189 3296 240 3385 ἐξ]
275 3296 396 3386 scripsi.
460 3294 549 3362 Lihb.
572 3295 783 3385 λιπαρόντες,
816 3301 959 3389 λιπαρόν
993 3296 1024 3375 τ’
1046 3296 1101 3375 ἐς,
1134 3296 1286 3389 λιπαρόν.

54 3484 55 3487 ¹
124 3402 282 3492 Bergkius
309 3403 503 3492 λιπαροῖπες.
532 3441 574 3453 ——
621 3403 827 3494 ε’χχελαόνος]
854 3405 976 3494 scripsi.
1026 3403 1129 3481 Codd.
1156 3403 1284 3494 ἐγχέλεά

124 3531 210 3585 τινες
231 3507 389 3609 Bergkius
413 3510 760 3602 emendare-nequivit.
804 3512 871 3579 Sed
892 3512 1012 3590 nescio,
1034 3512 1098 3600 quo
1121 3518 1230 3581 errore
1251 3516 1284 3581 in

122 3614 172 3684 his
194 3613 339 3682 versibus
361 3616 477 3682 iterum
500 3615 574 3680 ΩΝ
590 3617 624 3682 in
649 3618 723 3685 HA
750 3618 840 3685 velut
848 3617 917 3693 >hic
944 3618 977 3683 in
999 3617 1076 3685 ΛΠ
1099 3618 1222 3698 abierit.⁴
1242 3658 1284 3669 —-

121 3717 279 3810 ἀρίστων]
303 3721 384 3786 dedi.
419 3721 523 3789 Codd.
546 3718 690 3810 άριοτον.
704 3764 747 3774 -
768 3744 806 3789 ¹v.
829 3725 877 3788 10.
922 3722 1118 3814 χοχχριόὶων
1140 3718 1281 3813 ἰταμόν]

123 3830 244 3920 scripsi.
281 3827 392 3902 {Codd.
414 3829 792 3919 χοχχροιτοιωνητεμαῖν.
837 3828 1005 3920 Bergkius'
1019 3812 1083 3897 non
1102 3833 1280 3922 expedivit.

120 3973 162 3984 -
184 3936 307 4003 Sensus
329 3960 358 4001 v.
372 3937 391 3999 7
404 3975 446 3987 --
462 3939 481 4000 9
512 3945 560 4002 est
590 3934 855 4026 hier-'Postquam
873 3937 997 4025 primae
1014 3933 1114 4027 dapes
1134 3939 1285 4007 sublatae

119 4050 207 4124 sunt,
236 4063 303 4108 non
334 4040 398 4107 olla
424 4042 608 4131 supervenit
636 4041 694 4108 sed
721 4043 829 4134 patina
856 4042 1037 4135 perampla,
1070 4046 1198 4134 penitus
1224 4045 1279 4112 illa

118 4147 261 4229 fervida,
285 4157 380 4238 atque
403 4149 511 4237 opimo
535 4170 578 4213 ex
599 4149 721 4216 vivario
746 4150 1032 4240 (depromptarum)
1056 4153 1196 4241 optimae
1218 4175 1277 4219 no·

119 4264 172 4321 tae
193 4253 344 4321 flutarum
365 4262 587 4342 protervamm
610 4256 741 4340 referta,
765 4243 909 4324 delicata.
945 4292 988 4304 -
1030 4280 1060 4324 v.
1078 4259 1134 4324 ill.
1179 4258 1278 4345 βατὶς
