2776 4740
1159 233 1218 308 ιι
1250 277 1252 282 .

59 422 131 491 Nam
162 420 251 511 quod
280 419 422 489 Mnrnnn.
442 420 592 504 ¹eraestt.
616 420 734 489 Scenn.
757 416 799 501 ll,
829 438 859 508 p.
879 419 922 485 25
963 416 1130 485 Phaonem
1156 439 1208 484 se*

58 529 183 597 rioribus
207 515 324 594 tabulis
351 524 773 617 assignatOlympiadeque
794 523 932 607 XCVII,
964 530 1114 608 {actum
1137 546 1209 591 sus-

6 623 7 672 1
55 639 187 728 pientur,
211 643 285 701 tum
304 631 373 701 sola
395 635 581 700 coniectura
603 633 712 698 nititur
735 633 781 698 ad
797 631 906 700 Schol.
930 633 1023 699 Arist.
1047 629 1209 697 Pleume

6 753 7 768 ³
54 753 115 810 tum
137 749 314 832 propterea
335 741 441 805 minus
465 746 553 805 recte
575 739 795 827 excogitatum
818 738 960 820 videtur,
982 739 1134 829 quoniam
1156 734 1206 802 Ol.

53 849 161 931 XCIII,
184 849 237 914 3
228 868 294 913 ram
315 844 414 912 hlium
436 843 530 911 huius
538 843 733 959 Philoxeni,
730 844 879 935 Eryxin,
893 845 1016 912 irrideri
1034 845 1074 911 ab
1085 844 1208 911 Ansto

52 955 155 1049 phane
176 952 325 1020 vidimus.

131 1060 233 1152 Igitur
248 1058 329 1135 haec
345 1058 412 1125 iere
424 1067 508 1139 sunt,
524 1079 606 1147 quae
625 1048 829 1147 comperta
806 1057 963 1126 habemus
975 1016 1016 1126 de
1028 1050 1208 1127 Philoxeno

52 1167 229 1249 Leucadio,
252 1186 348 1256 quem
371 1165 409 1230 ab
432 1163 568 1254 antiquis
598 1160 834 1266 scriptoribus
825 1165 902 1254 ipsis
924 1159 1112 1256 saepissime
1135 1188 1209 1232 cum

1 1339 2 1355 ,
53 1275 206 1365 Cytherio
230 1271 399 1338 Euletidae
420 1257 499 1336 filio
504 1270 716 1337 commixtum
733 1260 889 1337 ridemus
920 1271 1025 1361 Atque
1035 1271 1121 1339 hunc
1140 1275 1209 1363 qui-

52 1382 123 1449 dem
147 1389 243 1471 puto,
272 1386 309 1443 ut
334 1364 466 1445 redeam
489 1375 530 1442 ad
552 1376 646 1442 Arist.
669 1363 754 1444 Nub
775 1376 840 1442 332
856 1376 1064 1467 subintellegi
1091 1379 1209 1445 debere

1 1525 2 1577 3
53 1489 89 1554 ad
117 1484 229 1557 Schol.
257 1481 329 1550 h..l
382 1481 468 1564 lam,
503 1498 613 1572 qnam
626 1480 732 1571 lepide
752 1484 881 1549 iocatur
908 1482 1138 1575 Aristophanes
1168 1487 1209 1551 de

1 1588 2 1607 ³
52 1595 150 1684 ipsius
174 1591 344 1658 notissima
365 1587 523 1678 inglorie,
536 1585 691 1654 “alludens
714 1588 849 1654 fortasse
872 1589 942 1654 ad
933 1591 1033 1679 ipsius
1055 1586 1209 1679 ὀψαρτυ-

53 1698 130 1765 aian
150 1697 201 1764 his
223 1698 344 1764 verbis:
366 1693 507 1781 κιστρᾶι
530 1687 654 1780 τεμάχη
675 1694 825 1785 ’μεγαλᾶν
845 1690 1003 1786 ἀγαθᾶν,
1023 1694 1130 1784 ιιρὲιιῐ
1153 1695 1210 1787 ὄρ·

53 1805 167 1872 videro
190 1802 373 1889 κιχηλᾶν,
363 1825 429 1868 ram
453 1825 549 1893 quam
571 1802 742 1885 commode
764 1805 866 1893 tangit
878 1801 1091 1893 Anaxagorae
1115 1803 1209 1870 disci-

54 1914 191 2004 plinam3
220 1911 370 2001 quicum
393 1911 433 1976 de
455 1908 587 1999 singulis
615 1913 749 1975 niiturae
772 1909 1017 2000 phoenomenis
1030 1908 1131 1977 multa
1153 1933 1209 1978 co·

56 2022 182 2110 gitavit,
205 2028 275 2084 tum
277 2003 530 2116 potissimum
520 2016 585 2083 hoe
603 2018 727 2083 statuit:
749 2012 836 2103 ὁμοῦ
855 2013 1140 2104 πάνταχρήματα
1157 2003 1212 2097 ἦν,

58 2127 140 2218 quod
170 2125 235 2193 hoc
262 2125 335 2192 loco
364 2125 465 2190 etiam
486 2107 673 2213 intellegere
701 2124 816 2192 suadet
847 2124 954 2207 Schol.
973 2123 1085 2191 334
1069 2126 1142 2203 ινὸς
1170 2126 1210 2190 τὸ

58 2234 121 2300 arira
142 2222 238 2298 εἶναι
254 2227 450 2320 φάσκοντος.
494 2230 590 2315 Quod
608 2246 689 2297 'vero
713 2231 892 2298 Scholiasta
915 2231 1212 2322 ’διθυραμβοποιὸν

1 2364 3 2428 y
58 2351 150 2409 vocat
171 2323 389 2408 Philoxenum
408 2337 514 2419 illurn,
541 2336 605 2404 hoc
627 2333 777 2404 nihili
731 2339 762 2403 di
764 2336 924 2405 ilicultatis
952 2342 1108 2422 continet,
1134 2361 1210 2406 narn

1 2534 2 2538 Ἰ
57 2445 234 2515 Clearchus
258 2447 386 2546 quoque
409 2466 458 2534 ap.
472 2443 585 2510 Athen.
600 2442 636 2510 l
618 2467 668 2534 p
681 2446 717 2508 6
725 2452 756 2512 et
778 2446 867 2512 Suid.
890 2468 920 2537 p
923 2440 1060 2512 3797ιι
1084 2443 1210 2511 Leuca·

1 2542 2 2620 l
58 2555 142 2621 hum
164 2543 381 2619 Philoxenum
408 2549 673 2659 dithyramhieum
699 2562 829 2641 poetam
856 2546 1002 2620 vocant:
1016 2554 1092 2643 quin
1109 2554 1211 2618 etiarn

1 2700 2 2704 =
58 2684 73 2727 a
99 2661 202 2752 priori
218 2666 466 2727 conservatum
483 2668 532 2723 est
547 2646 668 2747 hymni
696 2658 862 2725 cuiusdam
888 2661 1011 2725 initium
1034 2659 1212 2726 abeodem

59 2770 86 2834 in
106 2766 229 2857 nuptiis
252 2762 371 2855 Ephesi
394 2765 525 2830 cantatiz
548 2817 565 2847 „
573 2760 620 2832 Γ
601 2777 670 2849 upa·
686 2763 779 2831 denia
800 2762 1022 2853 tapopovazs.
1031 2773 1052 2802 ''-

1 2886 3 2963 ,
140 2874 209 2941 Sed
231 2869 279 2937 his
303 2870 509 2959 digressionis
531 2869 614 2953 loeo,
638 2892 832 2963 quamquam
852 2875 988 2947 fortasse
1009 2897 1074 2941 non
1092 2877 1211 2966 impor-

1 3009 8 3018 ¹
60 2989 135 3047 tune
155 2979 302 3060 monitis,
325 2976 365 3042 ad
388 2975 577 3066 Cytherium
598 2973 1032 3049 revertimur'Philoxenuni.
1077 2982 1214 3050 Videtur

61 3083 108 3154 hic
133 3086 174 3152 ad
198 3084 247 3151 Ol.
266 3081 389 3167 XCVI,
411 3082 442 3148 2.
491 3082 624 3151 Athenis
648 3098 884 3171 commoratus,
908 3099 1080 3180 postquam
1102 3098 1214 3155 contra

59 3188 342 3279 Carthaginienses
364 3212 384 3254 a
405 3188 566 3280 Dionysio
585 3215 739 3284 prospero
757 3195 862 3261 Marte
885 3196 1078 3262 debellatum
1101 3205 1159 3278 est,
1180 3196 1213 3260 in

59 3298 202 3381 Siciliam
224 3296 359 3407 colonus
381 3297 643 3386 transmigrasse,
670 3302 777 3390 ibique
804 3304 911 3368 statim
939 3312 1014 3393 post
1040 3303 1214 3374 adventum

59 3409 89 3472 in
119 3392 285 3473 notitiam
297 3426 335 3472 ac
363 3401 608 3470 familiaritatem
642 3409 770 3472 venisse
802 3407 951 3497 Dionysii
984 3411 1125 3497 tyranni,
1160 3413 1214 3502 qui

56 3511 108 3578 Ol.
120 3506 243 3594 XCIV,
264 3511 286 3576 4
307 3533 415 3576 rerum
438 3509 551 3576 eadem
573 3536 640 3603 qua
648 3512 834 3579 Pisistratus
857 3513 933 3580 olim
956 3517 1072 3597 astutia
1094 3519 1214 3607 potitus

1 3660 2 3664 =
60 3619 99 3686 ad
133 3617 263 3707 Olymp.
286 3612 369 3698 CIV,
401 3619 415 3681 l
451 3629 554 3706 usque
589 3624 621 3684 et
650 3622 749 3687 vitam
778 3631 810 3687 et
835 3622 1036 3711 tyrannidem
1059 3625 1216 3714 produxit

0 3756 4 3771 ι
59 3725 256 3794 Notissimae
282 3732 357 3790 sunt
385 3743 444 3811 per
476 3735 577 3791 totam
607 3729 828 3849 antiquitatem
859 3728 990 3797 Siculae
1014 3727 1088 3797 illae
1116 3732 1216 3821 dapes

59 3823 266 3899 lautissimae.
310 3827 345 3895 ln
367 3826 447 3917 his
438 3817 535 3920 igitur
557 3835 694 3900 convita
716 3859 754 3902 ac
782 3844 996 3925 compotator
1010 3838 1112 3905 factus
1135 3834 1216 3903 Dio-

59 3940 163 4029 nysio,
187 3937 315 4004 videtur
335 3908 410 4004 inde
432 3939 597 4015 materiem
620 3941 788 4032 collegisse
811 3941 924 4010 nobilis
950 3942 1033 4009 illius
1053 3943 1216 4044 pangendi

60 4047 226 4128 canninis,
258 4043 354 4135 quod*
367 4044 507 4111 Διῖιινοι
532 4047 706 4138 inscripsit,
731 4049 777 4115 'ad
804 4053 893 4117 euius
916 4039 1153 4115 similitudinem
1176 4050 1216 4117 ab

60 4150 276 4243 Aristophane
302 4149 402 4217 multa
417 4155 612 4244 composita
641 4154 742 4221 videri
768 4157 800 4222 in
823 4152 1130 4242 Gerytadeiabula,
1152 4158 1216 4222 iam

60 4283 157 4352 supra
185 4260 378 4328 monuimus.
435 4259 508 4329 Nec
524 4254 642 4328 tamen
670 4259 867 4331 Philoxenus
897 4262 1138 4353 diugratiosus
1166 4287 1215 4330 re-
