2774 4740
303 1565 306 1571 ὗ
395 1401 477 1546 nn
505 1459 812 1546 uinounno
841 1430 1091 1548 mansio.

253 1883 431 1961 Friden‘eus
454 1895 684 1978 Rambachius‚
714 1896 768 1986 qui
789 1894 985 1963 Milesiorum
1016 1919 1068 1964 res
1091 1892 1245 1984 singulari
1267 1894 1325 1960 sibi

166 1999 273 2067 libello
294 2000 534 2090 pertractandas
556 2004 733 2092 proposuit,
756 2002 848 2069 solita
869 2002 1073 2093 neglegentia
1088 2026 1106 2069 e
1119 2001 1224 2090 poetis
1244 2023 1325 2090 quo-

66 2165 70 2178 .
103 2102 118 2122 ‘'
168 2129 239 2172 rum
269 2105 386 2174 multos
416 2107 506 2175 haud
539 2109 696 2199 ignobiles
725 2108 852 2176 Miletus
879 2108 1026 2206 protulit,
1060 2131 1125 2175 non
1152 2107 1215 2173 nisi
1243 2106 1324 2174 duos

58 2213 60 2220 ‘
168 2215 473 2288 commemoratione
488 2215 601 2304 dignos
616 2216 749 2298 censuit,
770 2214 1020 2304 Melanippidem
1037 2223 1070 2282 et
1082 2212 1324 2301 Lamyntlnum·:

166 2318 414 2410 Melanippidem
447 2321 576 2413 quidem
607 2322 738 2388 lllelium
771 2320 934 2386 communi
967 2319 1137 2411 aliquando
1176 2319 1324 2386 omnibus

166 2449 274 2493 errore
304 2426 433 2494 Milesiis
465 2427 546 2494 lalso
580 2427 760 2510 vindicans3
799 2425 1028 2516 Lamynthium
1068 2449 1145 2493 sane
1174 2443 1213 2493 *re
1246 2448 1325 2492 vera

165 2531 339 2614 Milesium,
370 2555 535 2623 nunquam
563 2543 671 2599 tamen
701 2536 786 2624 apud
807 2543 933 2600 veteres
956 2535 1075 2600 tanto
1067 2557 1099 2599 m
1121 2530 1245 2598 honore
1267 2530 1323 2598 ha-

165 2637 265 2704 bitum
288 2648 324 2704 ut
344 2661 423 2729 prae
445 2637 614 2705 Timotheo
637 2640 795 2706 nominan'
816 2641 976 2705 meruerit

252 2744 300 2810 Ae
320 2743 528 2811 Timotheum
548 2745 687 2835 quidem,
708 2744 867 2812 Milesium
891 2744 1032 2812 declarat
1053 2745 1251 2834 epigramma
1270 2705 1323 2810 tu-

165 2847 294 2916 mulo
285 2850 384 2938 ipsius
414 2851 447 2915 in
477 2850 666 2918 Macedonia
698 2852 905 2969 inscriptum,
937 2850 1023 2942 quod
1045 2850 1139 2940 apud
1168 2847 1322 2940 Stephon

164 2955 243 3045 Byz
266 2980 297 3021 v
321 2950 474 3034 Μίλητος
500 2956 629 3048 legitur:

337 3057 460 3150 Πάτρα
485 3060 635 3142 Μίλητος
661 3061 761 3127 τίκτει
783 3058 959 3128 Μούσαισι
985 3061 1151 3129 ποθεινὸν

324 3167 514 3253 Τιμόθεον
534 3167 682 3257 κιθάρας
704 3167 814 3250 δεξιὸν
835 3165 978 3256 ἡνίοχον.
1040 3207 1042 3213 2

90 3298 91 3301 ’
163 3275 273 3366 Vulgo
295 3271 396 3341 τίκτει
417 3274 476 3343 τὸν
496 3276 671 3368 legebatur.
716 3277 838 3344 Vitium
862 3277 988 3344 diverso
1011 3274 1108 3342 modo
1125 3275 1322 3342 sustulerunt

164 3382 237 3452 VV.
250 3382 336 3462 DD.‚
356 3382 531 3450 Meinekius
552 3383 766 3476 conjiciendo:
788 3385 858 3450 τέκε
880 3381 948 3449 τὸν.
970 3381 1140 3449 Jacobeius
1153 3381 1217 3474 ΑΒ.
1232 3381 1320 3450 Nou.

165 3511 208 3556 cr.
230 3511 260 3578 p.
280 3488 343 3553 949
370 3492 565 3558 assentiente
592 3490 839 3558 Schneidewino
868 3488 1022 3558 Simonid.
1045 3512 1075 3578 p.
1095 3489 1156 3554 199
1184 3487 1320 3556 delendo

164 3593 333 3660 articulum
354 3591 423 3664 τόν.
467 3599 560 3684 Quae
582 3579 745 3688 postrema
768 3596 947 3662 emendatio
969 3593 1077 3663 locum
1105 3593 1320 3663 obtinet‘coll.

50 3734 54 3744 ·
153 3699 307 3768 sEustath.
335 3701 367 3769 ll.
391 3704 464 3787 237,
485 3704 633 3785 3:313,
657 3703 697 3769 13
726 3711 759 3768 et
778 3701 920 3768 Dracon.
943 3700 1087 3793 Metto.
1104 3703 1155 3766 67.
1204 3699 1322 3791 Neque

163 3806 254 3876 aliter
271 3811 340 3900 jam
360 3807 460 3876 Lilius
484 3809 643 3901 Gyraldus
668 3808 749 3898 opp.
772 3808 865 3874 Tom.
887 3806 921 3874 ll.
943 3829 974 3897 p.
986 3807 1071 3874 3492
1133 3807 1219 3874 valam
1241 3829 1320 3874 vero

87 3945 89 3949 ’
163 3914 330 3982 audiamus
354 3915 393 3982 de
411 3915 581 3982 Timotheo
595 3912 773 4004 Suidam'p.
785 3914 870 3980 3569
884 3913 921 3980 C.
959 3910 1144 3995 Τιμόθεος·
1171 3910 1321 3999 Θερσάν-

163 4020 253 4110 δρου,
275 4015 298 4102 ἢ
317 4017 509 4106 Ντομάαοι,
537 4014 559 4101 ἢ
584 4014 816 4099 Φιλοαόλιδος,
830 4017 1022 4100 Μιλήσιος·
1049 4016 1179 4106 λυρικός
1199 4015 1237 4098 ὃς
1259 4019 1321 4100 τὴν

162 4125 304 4207 δεκάτην
334 4129 390 4192 καὶ
412 4123 590 4208 ἑνδεκάτην
616 4125 743 4217 χορδὴν
777 4129 967 4217 προσέθηκε
1003 4129 1060 4192 καὶ
1086 4124 1149 4206 τὴν
1175 4122 1321 4213 ἀρχαίαν

162 4231 325 4319 μουσικὴν
346 4234 399 4300 ἐπὶ
428 4233 466 4301 τὸ
492 4233 728 4324 μαλακώτερον
753 4231 947 4328 μετήγαγεν.
983 4221 1051 4300 Ἠν
1079 4234 1115 4298 δὲ
1144 4233 1199 4299 ἐπὶ
1222 4229 1320 4323 Edat-
