2774 4762
1178 265 1253 340 265

69 422 208 542 ¹Bergk
227 450 409 520 comment.
431 474 464 544 p
476 452 621 520 429·-
644 449 695 517 De
717 449 842 517 inscitia
864 471 947 520 voce
966 449 1104 519 cauendi
1125 448 1258 517 Menan-

85 555 214 747 ἓτὶίῡῧτ
242 556 391 649 Epiclero
421 557 529 627 fabula
559 567 665 626 exstat
692 557 824 705 insignis
852 553 944 624 locus
975 579 1024 648 ap.
1053 554 1143 624 Stob
1171 552 1257 621 Flor

238 665 286 731 ll.

595 762 707 859 δ’σιιιρ
729 769 795 836 τῶν
810 768 923 859 χοριῖν
1028 783 1029 786 ’

285 879 324 947 οὐ
348 877 474 960 πάντες
491 875 614 970 ᾄδονσ’
639 873 715 957 ἀλλ’
739 873 873 965 ἄφωνοι
893 872 954 942 δύο
976 880 1061 953 τινὲς
1143 938 1149 945 ,

256 981 307 1067 ἢ
328 994 411 1076 τρεῖς
432 984 663 1077 παρεστήκασι
685 982 820 1052 πάντων
842 983 976 1109 ἔσχατοι

283 1087 330 1172 τίς
351 1095 411 1161 τὸν
431 1091 594 1185 ἀριθμὸν
616 1095 685 1162 κτλ.

85 1226 188 1296 quem
210 1225 270 1295 ega
295 1203 335 1271 de
358 1201 468 1293 cycliis
490 1201 612 1284 choris,
641 1223 740 1294 quam
761 1200 804 1268 de
824 1201 954 1291 tragicis
976 1209 1032 1267 aut
1053 1201 1185 1269 comicis
1206 1201 1256 1267 in·

84 1308 351 1403 tellcgere‘malo
381 1307 571 1395 (Meinelrius
593 1306 664 1376 hisn
688 1308 756 1376 crit.
778 1331 809 1398 p.
832 1305 919 1392 441).
954 1367 956 1375 ,
1069 1318 1075 1330 ·

172 1412 291 1509 Neque
316 1417 350 1483 in
384 1416 549 1484 communi
580 1411 644 1483 hoc
678 1415 794 1483 artium
825 1411 969 1504 periculo
998 1412 1107 1502 poesis
1136 1413 1258 1481 intacta
1349 1480 1352 1489 1

84 1525 212 1591 servari
233 1525 353 1615 potuit3
374 1522 443 1606 scd,
466 1545 564 1614 quam
585 1519 687 1588 multa
713 1522 912 1589 comicorum
939 1517 1097 1602 censurae
1128 1519 1258 1611 probari

83 1652 154 1698 non
175 1638 311 1722 possent
331 1666 374 1678 -
395 1638 432 1696 ut
452 1628 751 1696 vehementissimos
781 1650 894 1695 eorum
921 1628 955 1694 in
981 1626 1121 1716 tragicos
1141 1636 1256 1718 poetas

84 1739 228 1828 impetus
256 1739 397 1819 nutum,
417 1767 462 1785 -υ
481 1735 666 1803 testimonio
688 1743 764 1802 sunt
786 1737 970 1825 frequentes
992 1730 1106 1801 eorum
1126 1732 1166 1800 de
1185 1755 1257 1800 car·

83 1845 225 1913 minibus
248 1830 488 1932 dithyrambicis
507 1843 683 1933 numisque·
698 1850 730 1908 ct
753 1840 914 1932 querellae
937 1850 970 1909 et
988 1841 1064 1932 joci.
1106 1840 1214 1931 Atque
1229 1858 1256 1908 'a

84 1951 252 2035 nomisvut
278 1949 411 2032 ordiar,¹
433 1948 591 2017 rodebant
613 1949 730 2016 comici
755 1948 908 2038 imprimis
931 1949 1054 2038 Argum
1080 1969 1256 2038 pravarum

85 2079 260 2131 nomorum
281 2065 427 2147 poetam,
451 2079 548 2148 quem
562 2055 709 2124 ‘Phanias
732 2054 864 2122 Erosius
885 2053 1000 2123 Athen.
1022 2052 1123 2124 XIV.=
1136 2077 1168 2146 p.
1190 2053 1255 2120 638

87 2187 163 2232 cum
187 2163 341 2232 Telenico
363 2172 396 2230 et
422 2164 493 2252 ipso
521 2173 691 2254 poetarum
718 2163 872 2252 pessimo.
889 2161 1064 2253 conjungit
1105 2160 1267 2229 Eundem·

85 2272 215 2338 irrisum
236 2269 309 2362 lege
333 2271 372 2336 ab
394 2269 630 2337 Anaxandridc»
648 2269 682 2335 in
704 2267 851 2335 Protesil.
874 2268 911 2334 lr.
929 2266 957 2334 l..

341 2373 467 2468 Ἀργᾶν
490 2373 525 2442 δ’
550 2373 645 2466 ᾅδειν
666 2377 724 2441 καὶ
745 2371 933 2462 κιθαρίζειν
956 2411 993 2424 --
1035 2384 1039 2391 '

89 2495 122 2552 ct
143 2507 194 2576 ap.
217 2483 389 2552 Alexidem
409 2483 524 2552 Athen.
546 2484 636 2564 XIV,
658 2507 689 2573 p.
712 2483 776 2549 638
798 2482 835 2548 C.
867 2473 868 2478 ’

282 2588 316 2655 τί
338 2589 419 2681 πρὸς
440 2590 500 2657 τὸν
515 2587 638 2680 Ἀργᾶν
663 2576 776 2671 οὗτοςς
804 2586 927 2676 ἡμέρας
950 2584 1062 2676 δρόμοι

283 2697 450 2787 κρείττων.
523 2757 532 2769 ,
577 2754 578 2757 ,

87 2807 203 2875 Sermo
226 2805 269 2873 ibi
290 2814 340 2874 est
362 2805 403 2871 de
420 2803 614 2887 Charonico,
637 2806 692 2896 qui
713 2805 836 2895 etipse
858 2820 1031 2870 nnmerum
1047 2811 1144 2891 poeta
1161 2802 1253 2872 vide·

88 2920 140 2981 tur
161 2913 269 2979 fuisse.
311 2911 365 2978 Ex
386 2910 457 2979 solo
480 2912 566 2979 enim
587 2910 724 2979 Alexide
745 2909 896 2978 innotuit:
1057 2918 1059 2921 ’

220 3012 404 3109 Χορόνικος
425 3015 443 3084 ὁ
463 3016 602 3099 ποιητὴς
623 3015 678 3083 ὁδί

222 3124 330 3190 Τινιδν
351 3123 490 3205 ποιητὴς
513 3121 691 3215 ᾀσμάτανς
710 3124 753 3193 Β.
774 3123 913 3211 Σεμνῶν
934 3119 1034 3189 ττιίνν.
1055 3125 1125 3192 κτλ.

87 3237 210 3301 Horum
231 3242 402 3324 poetarum
422 3227 537 3317 νόμον,
566 3232 607 3300 de
629 3233 742 3323 quibus
766 3231 840 3298 alibi
859 3229 936 3297 nihil
958 3231 1088 3298 omnino
1112 3230 1254 3315 traditur,

86 3338 174 3407 haud
196 3341 263 3408 scio
286 3362 328 3406 an
349 3332 449 3424 νόμοι
468 3336 595 3404 adultos
615 3339 748 3419 fuerint,
771 3338 834 3427 >qui
854 3359 904 3426 ap.
927 3336 1052 3404 Polluc.
1069 3337 1186 3405 Onam.
1198 3336 1254 3421 lV,

90 3448 130 3512 10
152 3444 277 3534 Pythiis
301 3453 522 3538 opponuntur:
552 3440 590 3527 „d
612 3445 648 3508 δὲ
670 3439 813 3513 Σακάδα
835 3440 937 3529 νόμος
960 3441 1131 3526 Πυθικός,
1163 3445 1196 3510 οἱ
1218 3443 1255 3510 δὲ

88 3549 196 3619 Εὐίου
221 3546 357 3621 κύκλιον.
402 3550 507 3642 Cyclii
527 3575 605 3618 vero
625 3552 720 3618 nomi·
742 3549 853 3640 quales
875 3551 992 3618 fuerint
1018 3553 1155 3620 fortasse
1173 3551 1253 3620 Plu-

88 3657 218 3727 tarchus
242 3657 282 3726 de
304 3659 385 3726 Mus.
404 3683 431 3726 ο.
447 3659 492 3728 lV
509 3657 696 3750 explicabit:
725 3648 780 3722 ὅτι
801 3655 837 3720 δὲ
858 3657 892 3721 οἱ
912 3656 1134 3746 κιθαρῳδικοὶ
1155 3654 1255 3745 νόμοι

88 3767 121 3832 οἱ
142 3761 251 3836 πάλαι
275 3765 310 3848 ἐξ
336 3764 426 3831 §aaa
454 3764 652 3846 ξυνίσταντο
669 3762 850 3849 Τιμόθεος
876 3759 1044 3842 ἐδήλωσα
1074 3763 1255 3849 τοδςκγοῦν
1339 3760 1341 3765 ’

88 3869 239 3960 πρώτοις
270 3868 393 3959 νόμους
431 3871 467 3938 ἐν
500 3871 592 3938 ἕαισι
631 3865 837 3963 διαμιγνύων
875 3870 1131 3960 διθυραμβικὴν
1167 3872 1255 3954 λέξιν

89 3966 178 4072 ᾖδεν,
200 3975 291 4058 duwe
310 3975 485 4064 μὴτῦθύς
506 3978 599 4070 φανῇ
624 3979 873 4066 παρανομῶν
900 3972 957 4055 τίς
979 3976 1054 4058 τὴν
1076 3972 1255 4066 ἀρχαίαν

87 4086 299 4175 μουσικὴν.
321 4124 364 4135 -
384 4085 543 4155 Necnon
563 4087 801 4178 frequentatum
823 4095 856 4154 et
875 4081 1011 4153 numicis
1030 4096 1063 4154 et
1079 4085 1254 4176 dithyram-

49 4188 52 4189 ’
88 4195 238 4263 rambicis
267 4195 372 4286 poetis
399 4193 569 4260 exordium
601 4187 691 4282 ἀμφί
711 4216 770 4280 μοι
799 4188 904 4259 αὐτὸν
935 4187 1066 4278 ἄναχθ’
1101 4193 1255 4285 paradiae

89 4300 163 4369 lusu
200 4302 338 4369 riserunt
376 4300 498 4368 comici.
562 4300 617 4370 Sic
653 4301 801 4369 Cratinus
843 4325 862 4368 a
897 4298 998 4368 Suida
1024 4298 1047 4384 I,
1078 4323 1151 4391 pag.
1183 4300 1254 4383 144,

1011 4409 1057 4472 ld
