2774 4762
499 206 521 290 h

99 472 108 487 .
148 472 159 489 .
205 470 213 486 .
257 471 265 487 .
309 420 427 507 νιρὲνει
446 431 499 486 ’τοι
520 417 624 487 πᾶσιν
645 417 744 488 ἀοιδὰ

97 520 318 612 Λαβρᾶνταις
340 521 459 605 Αἰολὶς
481 520 638 614 ἁρμονία.

142 632 225 702 Mox
245 642 353 702 autem
373 635 416 703 ad
437 633 677 706 harmoniarum
698 632 971 728 perturbationem
987 633 1224 704 diversissimae

57 750 268 808 accesserunt
286 740 476 833 clangorum
498 764 683 835 vocumque
710 741 823 831 turhae
854 762 1038 836 magnaque
1058 741 1224 810 turbulen·
1309 802 1318 812 .

58 857 165 916 tarum
175 902 177 906 -
187 847 428 940 quisquiliarum
447 857 587 931 caterva,
608 872 689 942 quas
703 849 819 918 comici
832 847 1023 942 plerumque
1036 845 1226 939 μυρμηκιάς

59 953 113 1021 vel
132 950 354 1042 τερετίσματα
370 954 423 1023 vel
443 952 619 1041 νιγλάρους
640 954 805 1048 appellare
827 943 1073 1024 consueverunt
1117 958 1226 1049 Atque

59 1055 247 1148 μυρμηκιάς
262 1062 388 1153 optime
408 1061 596 1131 Passowius
618 1064 656 1130 in·
672 1062 795 1132 Lexico
818 1060 912 1130 Tom.
930 1060 967 1146 Il,
986 1065 1101 1154 pum
1126 1065 1226 1132 inter·
1316 1153 1320 1161 Ι

5 1159 7 1176 ’
60 1176 219 1260 pretatur:
239 1168 323 1252 „ein
345 1170 596 1238 murihoh'aches
617 1167 1031 1258 mampetetttel'ear
1045 1170 1229 1240 Gelrrabhcl

60 1273 123 1364 fiir
154 1276 208 1344 die
237 1274 349 1345 orreo
379 1277 441 1344 der
467 1276 659 1345 ΖυΙιόνιν.”
696 1277 767 1347 Sic
794 1274 944 1345 Phereer.
972 1275 993 1346 l.
1015 1275 1036 1345 l.
1063 1276 1227 1350 Timothei

60 1381 278 1471 ἐκτραπέλους
299 1379 488 1468 μυρμηκιάς
508 1384 624 1475 carpit,
653 1406 750 1476 quem
778 1383 821 1451 ad
841 1382 951 1451 locum
972 1382 1109 1454 lleinek
1133 1386 1227 1455 Com.

62 1488 113 1559 Fr.
137 1487 211 1558 Vol.
232 1488 268 1572 ll,
291 1489 320 1556 l.
339 1512 371 1580 p.
394 1491 469 1559 331.
503 1486 618 1581 „pitisso
644 1484 834 1580 μυρμηκιάς
854 1487 933 1557 nihil
954 1489 1041 1560 aliud
1060 1491 1229 1584 significat,

63 1619 161 1687 quam
188 1594 353 1665 cantillam
385 1596 522 1690 aliquid,
554 1598 643 1690 quod
670 1607 804 1690 propter
828 1596 1048 1666 incredibilem
1073 1621 1228 1668 sonorum

62 1704 251 1771 varietatem
274 1713 307 1771 et
326 1703 525 1774 celeritatem
546 1705 752 1773 formicarum
773 1702 858 1772 ultro
879 1703 1025 1796 citroque
1046 1704 1228 1775 discurren-

63 1810 144 1878 tium
177 1796 417 1880 similitudinem
445 1811 596 1880 relerat'’
646 1811 812 1899 Niylopos
844 1820 878 1879 et
906 1808 1126 1902 τερετίσματιι
1160 1813 1229 1882 fero

62 1918 248 2008 promiscue
268 1927 464 2009 usurpantur
484 1940 555 2011 pro
572 1905 768 1986 chordamm
793 1926 851 1984 aut
877 1917 1028 1987 tibiarum
1056 1917 1230 2014 plusquam

64 2021 242 2092 artificiosis
268 2024 410 2092 modulis
440 2022 895 2115 <cn.r1esyeh.11,p.682).
953 2025 1098 2109 Etenim,
1130 2029 1230 2119 quam

64 2131 156 2200 verbi
176 2128 333 2219 oiytoepor
351 2132 651 2222 interpretationem
666 2129 710 2198 R.
722 2133 857 2198 Honor.
877 2130 996 2202 Exere.
1018 2132 1109 2203 cau
1131 2157 1164 2228 p.
1186 2134 1230 2204 55

63 2236 213 2331 protulit:
241 2234 442 2327 »νιγλάρους
471 2261 545 2306 osse
572 2260 681 2307 meras
698 2259 799 2306 voces
822 2237 937 2329 quibus
951 2249 1048 2308 “certa
1070 2239 1231 2334 quaedam

64 2343 262 2437 significatio*
274 2367 342 2416 nou
363 2348 509 2439 subjecta
539 2347 595 2429 sit,
628 2340 723 2436 quale
743 2343 896 2436 Aeschyli
917 2347 959 2413 sit
980 2346 1231 2438 φλυτιυθράτ”

65 2475 119 2536 ea,
150 2453 312 2546 quomodo
339 2450 450 2521 locum
477 2451 561 2520 tueri
585 2450 705 2544 possit,
735 2472 802 2520 nou
831 2450 936 2522 video.
980 2453 1121 2544 Hesych.
1145 2458 1232 2524 enim

65 2557 223 2650 explicat:
241 2556 394 2651 νίγλαροι
413 2555 648 2648 τερετίσματα·
668 2557 824 2647 περίεργα
837 2555 1021 2647 κρούματα.
1042 2560 1231 2632 PhotLexs

64 2691 97 2757 p.
119 2667 193 2734 300.
217 2667 250 2734 l:
272 2663 483 2755 νιγλαρεύυιν,
504 2662 687 2756 τερετίζων·
717 2668 776 2732 καὶ
795 2663 815 2734 ὁ
837 2667 992 2760 νίγλαρος
1011 2670 1233 2757 κρουματικιῐς

66 2775 241 2842 διαλέκτου
277 2769 398 2862 ὄνομα.
435 2771 577 2863 Hesych.
610 2772 830 2862 τερετίσμυτυ
856 2812 900 2826 ·-
928 2774 971 2841 τὰ
998 2775 1058 2856 τῆς
1083 2772 1234 2866 κιθάρας

9 2881 11 2885 ’
65 2877 250 2971 κρούματα.
299 2880 366 2949 Cir.
392 2879 444 2948 Fr.
465 2878 713 2948 Bellermaunus
730 2881 796 2950 ll.
817 2906 849 2975 p.
870 2884 914 2951 25
943 2893 977 2952 et
1002 2883 1055 2952 Fr.
1075 2883 1232 2953 Boisson·

65 2989 181 3059 nudius
202 2989 244 3058 ad
266 2988 452 3056 Zachariam
472 2985 705 3078 Mitylenaeum
718 3010 750 3079 p.
765 2988 839 3057 431.
870 2987 983 3060 ‘Tales
1001 2991 1099 3082 igitur
1119 2987 1233 3079 νιγλάφ

66 3119 145 3184 ρους
166 3097 270 3189 carpit
288 3094 423 3188 Eupolis
445 3095 478 3163 in
498 3092 616 3163 Demis
636 3094 673 3162 tr.
694 3092 833 3165 XXVII.
938 3152 940 3155 .

284 3201 433 3268 ’τοιαῦτα
455 3201 569 3284 μέντοι
590 3200 793 3294 νιρλορενιυν
818 3200 1009 3293 κρούματα.
1100 3264 1104 3269 ,
1223 3264 1226 3267 ,
1280 3286 1282 3289 Ι

66 3310 166 3380 Tales
187 3311 221 3380 in
242 3308 404 3380 Timothei
426 3309 577 3400 operibus
599 3308 888 3378 malehahuerunt
907 3309 1137 3381 Pherecratem
1156 3313 1176 3381 l
1194 3338 1233 3400 c.,

65 3418 149 3487 tales
169 3413 523 3513 dempsero-'tanqam
543 3415 672 3501 Musici,
702 3440 788 3510 quae
812 3422 864 3486 est
882 3417 1015 3517 Bergkii
1036 3420 1231 3491 Commentt.

66 3549 99 3618 p.
121 3525 187 3591 396
209 3523 610 3617 conjecturavce'rtissims,
623 3523 857 3612 'Phrynichum
877 3527 911 3593 in
933 3526 970 3605 lr.
992 3527 1102 3597 ineest.
1125 3525 1147 3596 l.

109 3631 180 3721 [καὶ
206 3625 393 3719 νιγ]λᾶρους
414 3636 555 3722 θρηνεῖν
582 3631 619 3696 ἐν
648 3620 718 3697 οἷοι
737 3627 904 3719 Λάμπρος
930 3633 1191 3718 ἐναπέθνῃσκεν,

67 3798 69 3801 ,
106 3731 360 3828 campomartis
380 3734 611 3822 ὑὸιιτυιιότιις,
629 3737 767 3827 μινυρὸς
786 3735 1048 3828 ὑπερσοφιστής,

110 3846 262 3915 Menoeis
283 3841 619 3929 enumerem
639 3844 800 3927 ιὶτιῖαλος,
815 3838 925 3933 ,ὕμνος
937 3839 1073 3916 ‘'Artoa-

68 3958 132 4046 quo
146 3953 191 4039 ,de
207 3952 281 4022 loeo
296 3954 396 4020 miror
409 3952 568 4045 Lessingii
582 3953 807 4044 longissimam
819 3954 1069 4047 disputationem
1084 3955 1177 4022 'lom
1191 3958 1233 4040 V,

65 4083 98 4152 p.
124 4058 186 4129 195
208 4059 313 4154 (Lips.
335 4061 435 4146 1840)
467 4084 486 4130 a
515 4061 675 4130 Meinehio
706 4061 805 4155 plane
836 4084 913 4130 non
934 4068 1128 4154 respectam
1150 4064 1232 4133 esse.

65 4166 128 4238 Hic
151 4160 236 4236 enim
257 4167 318 4237 sub
340 4167 440 4240 verbo
460 4160 594 4256 Λάρους
616 4169 806 4239 comoediae
826 4167 928 4240 latere
949 4167 1076 4240 titulum
1097 4191 1163 4239 nou
1185 4173 1234 4240 in·

67 4273 155 4344 sulse
184 4278 375 4368 conjecerat.
425 4275 575 4370 Namque
605 4278 702 4347 etiam
722 4277 934 4351 Pherecrates
964 4275 1236 4369 tabulam-Aipor
