<?xml version="1.0" encoding="UTF-8"?>
<!DOCTYPE html PUBLIC "-//W3C//DTD XHTML 1.0 Transitional//EN"
    "http://www.w3.org/TR/xhtml1/DTD/xhtml1-transitional.dtd">
<html xmlns="http://www.w3.org/1999/xhtml" xml:lang="en" lang="en">
 <head>
  <title>
</title>
<meta http-equiv="Content-Type" content="text/html;charset=utf-8" />
  <meta name='ocr-system' content='tesseract 3.04.00' />
  <meta name='ocr-capabilities' content='ocr_page ocr_carea ocr_par ocr_line ocrx_word'/>
</head>
<body>
  <div class='ocr_page' id='page_1' title='image "./diatribeindithy01schmgoog/diatribeindithy01schmgoog_0048.png"; bbox 0 0 2776 4740; ppageno 0'>
   <div class='ocr_carea' id='block_1_1' title="bbox 28 453 1165 4062">
    <p class='ocr_par' dir='ltr' id='par_1_1' title="bbox 40 446 1063 546">
     <span class='ocr_line' id='line_1_1' title="bbox 40 453 1063 546; baseline -0.01 -18"><span class='ocrx_word' id='word_1_1' title='bbox 40 472 43 479; x_wconf 87' lang='lat'>&#39;</span> <span class='ocrx_word' id='word_1_2' title='bbox 121 456 208 527; x_wconf 81' lang='lat' dir='ltr'><strong>Alter</strong></span> <span class='ocrx_word' id='word_1_3' title='bbox 229 465 300 524; x_wconf 89' lang='lat' dir='ltr'><strong>erat</strong></span> <span class='ocrx_word' id='word_1_4' title='bbox 321 455 429 524; x_wconf 84' lang='lat' dir='ltr'><strong>discus</strong></span> <span class='ocrx_word' id='word_1_5' title='bbox 450 453 578 546; x_wconf 87' lang='lat' dir='ltr'><strong>musteli</strong></span> <span class='ocrx_word' id='word_1_6' title='bbox 598 453 728 544; x_wconf 90' lang='lat' dir='ltr'><strong>plenus,</strong></span> <span class='ocrx_word' id='word_1_7' title='bbox 750 465 784 522; x_wconf 83' lang='lat' dir='ltr'><strong>at</strong></span> <span class='ocrx_word' id='word_1_8' title='bbox 804 453 884 522; x_wconf 89' lang='lat' dir='ltr'><strong>alter</strong></span> <span class='ocrx_word' id='word_1_9' title='bbox 1061 488 1063 493; x_wconf 77' lang='lat'>‚</span> 
     </span>
    </p>

    <p class='ocr_par' dir='ltr' id='par_1_2' title="bbox 67 555 1047 1079">
     <span class='ocr_line' id='line_1_2' title="bbox 67 555 1022 655; baseline -0.005 -24"><span class='ocrx_word' id='word_1_10' title='bbox 67 567 103 631; x_wconf 79' lang='lat'><strong>20</strong></span> <span class='ocrx_word' id='word_1_11' title='bbox 121 563 258 655; x_wconf 87' lang='lat' dir='ltr'><strong>Sepiolis</strong></span> <span class='ocrx_word' id='word_1_12' title='bbox 282 563 474 654; x_wconf 79' lang='lat' dir='ltr'><strong>lolligimlrus</strong></span> <span class='ocrx_word' id='word_1_13' title='bbox 497 555 851 652; x_wconf 47' lang='lat' dir='ltr'><strong>polypisque‘repletus</strong></span> <span class='ocrx_word' id='word_1_14' title='bbox 955 591 957 596; x_wconf 93' lang='lat'>·</span> <span class='ocrx_word' id='word_1_15' title='bbox 1020 567 1022 571; x_wconf 83' lang='lat'>&#39;</span> 
     </span>
     <span class='ocr_line' id='line_1_3' title="bbox 120 665 993 760; baseline -0.003 -22"><span class='ocrx_word' id='word_1_16' title='bbox 120 669 325 739; x_wconf 85' lang='lat' dir='ltr'><strong>Mollioomis:</strong></span> <span class='ocrx_word' id='word_1_17' title='bbox 353 679 506 760; x_wconf 84' lang='lat' dir='ltr'><strong>properat</strong></span> <span class='ocrx_word' id='word_1_18' title='bbox 526 677 601 757; x_wconf 89' lang='lat' dir='ltr'><strong>post</strong></span> <span class='ocrx_word' id='word_1_19' title='bbox 620 667 684 734; x_wconf 89' lang='lat' dir='ltr'><strong>hos·</strong></span> <span class='ocrx_word' id='word_1_20' title='bbox 702 673 857 759; x_wconf 82' lang='lat' dir='ltr'><strong>muraena</strong></span> <span class='ocrx_word' id='word_1_21' title='bbox 880 665 993 751; x_wconf 84' lang='lat' dir='ltr'><strong>electa,</strong></span> 
     </span>
     <span class='ocr_line' id='line_1_4' title="bbox 120 771 1047 864; baseline -0.001 -20"><span class='ocrx_word' id='word_1_22' title='bbox 120 778 275 845; x_wconf 76' lang='lat' dir='ltr'><strong>Porrecto</strong></span> <span class='ocrx_word' id='word_1_23' title='bbox 295 778 329 844; x_wconf 91' lang='lat' dir='ltr'><strong>in</strong></span> <span class='ocrx_word' id='word_1_24' title='bbox 350 799 464 863; x_wconf 87' lang='lat' dir='ltr'><strong>mensa</strong></span> <span class='ocrx_word' id='word_1_25' title='bbox 485 771 687 864; x_wconf 85' lang='lat' dir='ltr'><strong>flammisque</strong></span> <span class='ocrx_word' id='word_1_26' title='bbox 711 773 894 851; x_wconf 78' lang='lat' dir='ltr'><strong>recentibus</strong></span> <span class='ocrx_word' id='word_1_27' title='bbox 911 772 1024 843; x_wconf 86' lang='lat' dir='ltr'><strong>halans</strong></span> <span class='ocrx_word' id='word_1_28' title='bbox 1046 808 1047 811; x_wconf 39' lang='lat'>¹</span> 
     </span>
     <span class='ocr_line' id='line_1_5' title="bbox 119 880 1009 974; baseline -0.004 -21"><span class='ocrx_word' id='word_1_29' title='bbox 119 884 270 954; x_wconf 86' lang='lat' dir='ltr'>Necdum</span> <span class='ocrx_word' id='word_1_30' title='bbox 290 884 435 974; x_wconf 87' lang='lat' dir='ltr'><strong>ingressa</strong></span> <span class='ocrx_word' id='word_1_31' title='bbox 456 883 542 949; x_wconf 81' lang='lat' dir='ltr'><strong>iores</strong></span> <span class='ocrx_word' id='word_1_32' title='bbox 565 880 676 948; x_wconf 82' lang='lat' dir='ltr'>dulces</span> <span class='ocrx_word' id='word_1_33' title='bbox 699 880 845 948; x_wconf 82' lang='lat' dir='ltr'><strong>diffundit</strong></span> <span class='ocrx_word' id='word_1_34' title='bbox 865 880 1009 950; x_wconf 79' lang='lat' dir='ltr'><strong>odores..</strong></span> 
     </span>
     <span class='ocr_line' id='line_1_6' title="bbox 120 986 977 1079; baseline -0.005 -19"><span class='ocrx_word' id='word_1_35' title='bbox 120 992 207 1077; x_wconf 87' lang='lat' dir='ltr'><strong>Quin</strong></span> <span class='ocrx_word' id='word_1_36' title='bbox 230 992 326 1059; x_wconf 88' lang='lat' dir='ltr'><strong>etiam</strong></span> <span class='ocrx_word' id='word_1_37' title='bbox 347 988 454 1057; x_wconf 87' lang='lat' dir='ltr'><strong>sulsae</strong></span> <span class='ocrx_word' id='word_1_38' title='bbox 471 987 656 1077; x_wconf 78' lang='lat' dir='ltr'><strong>lampredae</strong></span> <span class='ocrx_word' id='word_1_39' title='bbox 677 986 793 1055; x_wconf 89' lang='lat' dir='ltr'><strong>deinde</strong></span> <span class='ocrx_word' id='word_1_40' title='bbox 811 991 977 1079; x_wconf 83' lang='lat' dir='ltr'><strong>sequutae,</strong></span> 
     </span>
    </p>

    <p class='ocr_par' dir='ltr' id='par_1_3' title="bbox 61 1088 1078 1614">
     <span class='ocr_line' id='line_1_7' title="bbox 61 1088 985 1188; baseline -0.002 -23"><span class='ocrx_word' id='word_1_41' title='bbox 61 1097 100 1164; x_wconf 80' lang='lat'><strong>25</strong></span> <span class='ocrx_word' id='word_1_42' title='bbox 118 1097 347 1188; x_wconf 86' lang='lat' dir='ltr'><strong>Puniceaeque</strong></span> <span class='ocrx_word' id='word_1_43' title='bbox 368 1096 449 1163; x_wconf 82' lang='lat' dir='ltr'><strong>lavis</strong></span> <span class='ocrx_word' id='word_1_44' title='bbox 471 1088 606 1185; x_wconf 87' lang='lat' dir='ltr'><strong>squillae</strong></span> <span class='ocrx_word' id='word_1_45' title='bbox 627 1117 811 1186; x_wconf 82' lang='lat' dir='ltr'><strong>curvaeque</strong></span> <span class='ocrx_word' id='word_1_46' title='bbox 832 1093 985 1163; x_wconf 88' lang='lat' dir='ltr'><strong>locustae.</strong></span> 
     </span>
     <span class='ocr_line' id='line_1_8' title="bbox 121 1200 999 1296; baseline -0.001 -24"><span class='ocrx_word' id='word_1_47' title='bbox 121 1204 302 1296; x_wconf 82' lang='lat' dir='ltr'><strong>Tinctaque</strong></span> <span class='ocrx_word' id='word_1_48' title='bbox 323 1201 420 1271; x_wconf 90' lang='lat' dir='ltr'><strong>melle</strong></span> <span class='ocrx_word' id='word_1_49' title='bbox 440 1203 559 1285; x_wconf 85' lang='lat' dir='ltr'><strong>intrant</strong></span> <span class='ocrx_word' id='word_1_50' title='bbox 579 1200 715 1285; x_wconf 80' lang='lat' dir='ltr'><strong>soliacea</strong></span> <span class='ocrx_word' id='word_1_51' title='bbox 736 1200 878 1268; x_wconf 85' lang='lat' dir='ltr'><strong>crustula</strong></span> <span class='ocrx_word' id='word_1_52' title='bbox 892 1202 999 1288; x_wconf 80' lang='lat' dir='ltr'><strong>&#39;flav03</strong></span> 
     </span>
     <span class='ocr_line' id='line_1_9' title="bbox 119 1306 1008 1401; baseline 0.001 -24"><span class='ocrx_word' id='word_1_53' title='bbox 119 1308 163 1377; x_wconf 84' lang='lat' dir='ltr'><strong>Et</strong></span> <span class='ocrx_word' id='word_1_54' title='bbox 185 1309 300 1401; x_wconf 89' lang='lat' dir='ltr'><strong>quibus</strong></span> <span class='ocrx_word' id='word_1_55' title='bbox 324 1309 446 1377; x_wconf 89' lang='lat' dir='ltr'><strong>urbano</strong></span> <span class='ocrx_word' id='word_1_56' title='bbox 469 1307 547 1375; x_wconf 82' lang='lat' dir='ltr'>nihil</span> <span class='ocrx_word' id='word_1_57' title='bbox 568 1331 671 1398; x_wconf 87' lang='lat' dir='ltr'><strong>aeque</strong></span> <span class='ocrx_word' id='word_1_58' title='bbox 693 1317 751 1377; x_wconf 61' lang='lat' dir='ltr'><strong>est,</strong></span> <span class='ocrx_word' id='word_1_59' title='bbox 764 1306 858 1389; x_wconf 91' lang='lat' dir='ltr'><strong>dulce</strong></span> <span class='ocrx_word' id='word_1_60' title='bbox 881 1309 1008 1399; x_wconf 85' lang='lat' dir='ltr'><strong>palato,</strong></span> 
     </span>
     <span class='ocr_line' id='line_1_10' title="bbox 119 1406 952 1507; baseline -0.001 -22"><span class='ocrx_word' id='word_1_61' title='bbox 119 1415 242 1507; x_wconf 89' lang='lat' dir='ltr'><strong>lgnitae</strong></span> <span class='ocrx_word' id='word_1_62' title='bbox 264 1417 398 1484; x_wconf 89' lang='lat' dir='ltr'><strong>veniunt</strong></span> <span class='ocrx_word' id='word_1_63' title='bbox 420 1414 476 1482; x_wconf 88' lang='lat' dir='ltr'><strong>tibi</strong></span> <span class='ocrx_word' id='word_1_64' title='bbox 497 1406 749 1506; x_wconf 88' lang='lat' dir='ltr'><strong>dulcacidaeque</strong></span> <span class='ocrx_word' id='word_1_65' title='bbox 768 1413 952 1506; x_wconf 77' lang='lat' dir='ltr'><strong>placentae</strong></span> 
     </span>
     <span class='ocr_line' id='line_1_11' title="bbox 122 1523 1078 1614; baseline 0.001 -23"><span class='ocrx_word' id='word_1_66' title='bbox 122 1523 307 1592; x_wconf 84' lang='lat' dir='ltr'><strong>Umbonem</strong></span> <span class='ocrx_word' id='word_1_67' title='bbox 328 1525 448 1607; x_wconf 84' lang='lat' dir='ltr'><strong>(teneo)</strong></span> <span class='ocrx_word' id='word_1_68' title='bbox 471 1542 594 1589; x_wconf 88' lang='lat' dir='ltr'><strong>coenae</strong></span> <span class='ocrx_word' id='word_1_69' title='bbox 615 1523 793 1589; x_wconf 82' lang='lat' dir='ltr'><strong>vocitamus</strong></span> <span class='ocrx_word' id='word_1_70' title='bbox 814 1531 958 1614; x_wconf 90' lang='lat' dir='ltr'><strong>uterque.</strong></span> <span class='ocrx_word' id='word_1_71' title='bbox 1074 1558 1078 1562; x_wconf 83' lang='lat'><em>-</em></span> 
     </span>
    </p>

    <p class='ocr_par' dir='ltr' id='par_1_4' title="bbox 28 1625 1029 2150">
     <span class='ocr_line' id='line_1_12' title="bbox 28 1625 942 1720; baseline -0.004 -22"><span class='ocrx_word' id='word_1_72' title='bbox 28 1626 30 1628; x_wconf 56' lang='grc'><strong>’</strong></span> <span class='ocrx_word' id='word_1_73' title='bbox 61 1632 101 1698; x_wconf 87' lang='grc'><strong>30</strong></span> <span class='ocrx_word' id='word_1_74' title='bbox 122 1631 210 1716; x_wconf 88' lang='lat' dir='ltr'><strong>Quin</strong></span> <span class='ocrx_word' id='word_1_75' title='bbox 233 1631 330 1696; x_wconf 90' lang='lat' dir='ltr'><strong>etiarn</strong></span> <span class='ocrx_word' id='word_1_76' title='bbox 350 1627 461 1720; x_wconf 85' lang='lat' dir='ltr'><strong>polypi</strong></span> <span class='ocrx_word' id='word_1_77' title='bbox 482 1625 609 1695; x_wconf 83' lang='lat' dir='ltr'><strong>sublato</strong></span> <span class='ocrx_word' id='word_1_78' title='bbox 631 1629 781 1717; x_wconf 85' lang='lat' dir='ltr'><strong>segmine</strong></span> <span class='ocrx_word' id='word_1_79' title='bbox 795 1630 870 1695; x_wconf 90' lang='lat' dir='ltr'><strong>tosti</strong></span> <span class='ocrx_word' id='word_1_80' title='bbox 938 1702 942 1711; x_wconf 22' lang='lat' dir='ltr'>x</span> 
     </span>
     <span class='ocr_line' id='line_1_13' title="bbox 120 1733 1029 1828; baseline 0.002 -25"><span class='ocrx_word' id='word_1_81' title='bbox 120 1735 307 1825; x_wconf 86' lang='lat' dir='ltr'><strong>Pelamydis</strong></span> <span class='ocrx_word' id='word_1_82' title='bbox 327 1737 416 1802; x_wconf 82' lang='lat' dir='ltr'><strong>venit</strong></span> <span class='ocrx_word' id='word_1_83' title='bbox 437 1735 588 1816; x_wconf 76' lang='lat' dir='ltr'><strong>inustum,</strong></span> <span class='ocrx_word' id='word_1_84' title='bbox 610 1733 693 1825; x_wconf 91' lang='lat' dir='ltr'><strong>proh</strong></span> <span class='ocrx_word' id='word_1_85' title='bbox 713 1734 877 1826; x_wconf 80' lang='lat' dir='ltr'><strong>luppiter!</strong></span> <span class='ocrx_word' id='word_1_86' title='bbox 897 1739 1029 1828; x_wconf 84' lang='lat' dir='ltr'><strong>ingens</strong></span> 
     </span>
     <span class='ocr_line' id='line_1_14' title="bbox 120 1841 978 1933; baseline 0.001 -23"><span class='ocrx_word' id='word_1_87' title='bbox 120 1844 274 1923; x_wconf 71' lang='lat' dir='ltr'><strong>Amatae,</strong></span> <span class='ocrx_word' id='word_1_88' title='bbox 296 1841 383 1933; x_wconf 91' lang='lat' dir='ltr'><strong>quod</strong></span> <span class='ocrx_word' id='word_1_89' title='bbox 403 1843 458 1910; x_wconf 93' lang='lat' dir='ltr'><strong>ubi</strong></span> <span class='ocrx_word' id='word_1_90' title='bbox 479 1852 606 1910; x_wconf 89' lang='lat' dir='ltr'><strong>nostros</strong></span> <span class='ocrx_word' id='word_1_91' title='bbox 631 1850 840 1931; x_wconf 83' lang='lat' dir='ltr'><strong>properanter</strong></span> <span class='ocrx_word' id='word_1_92' title='bbox 862 1843 978 1913; x_wconf 86' lang='lat' dir='ltr'><strong>edaces</strong></span> 
     </span>
     <span class='ocr_line' id='line_1_15' title="bbox 120 1933 944 2030; baseline 0.002 -13"><span class='ocrx_word' id='word_1_93' title='bbox 120 1947 232 2016; x_wconf 89' lang='lat' dir='ltr'><strong>lncidit</strong></span> <span class='ocrx_word' id='word_1_94' title='bbox 252 1949 285 2014; x_wconf 93' lang='lat' dir='ltr'><strong>in</strong></span> <span class='ocrx_word' id='word_1_95' title='bbox 307 1946 515 2030; x_wconf 71' lang='lat' dir='ltr'><strong>stomachos,</strong></span> <span class='ocrx_word' id='word_1_96' title='bbox 529 1947 594 2015; x_wconf 91' lang='lat' dir='ltr'><strong>leni</strong></span> <span class='ocrx_word' id='word_1_97' title='bbox 619 1946 788 2016; x_wconf 84' lang='lat' dir='ltr'><strong>dulcedine</strong></span> <span class='ocrx_word' id='word_1_98' title='bbox 811 1933 944 2019; x_wconf 80' lang='lat' dir='ltr'><strong>cunctos</strong></span> 
     </span>
     <span class='ocr_line' id='line_1_16' title="bbox 123 2053 993 2150; baseline 0.002 -26"><span class='ocrx_word' id='word_1_99' title='bbox 123 2053 290 2144; x_wconf 82' lang='lat' dir='ltr'><strong>Compulit</strong></span> <span class='ocrx_word' id='word_1_100' title='bbox 309 2056 343 2120; x_wconf 93' lang='lat' dir='ltr'><strong>in</strong></span> <span class='ocrx_word' id='word_1_101' title='bbox 364 2053 514 2144; x_wconf 84' lang='lat' dir='ltr'><strong>plausum</strong></span> <span class='ocrx_word' id='word_1_102' title='bbox 535 2053 634 2121; x_wconf 89' lang='lat' dir='ltr'><strong>laude</strong></span> <span class='ocrx_word' id='word_1_103' title='bbox 656 2064 689 2121; x_wconf 89' lang='lat' dir='ltr'><strong>et</strong></span> <span class='ocrx_word' id='word_1_104' title='bbox 708 2077 860 2123; x_wconf 86' lang='lat' dir='ltr'><strong>resonare</strong></span> <span class='ocrx_word' id='word_1_105' title='bbox 879 2062 993 2150; x_wconf 87' lang='lat' dir='ltr'><strong>co&#39;e&#39;git.</strong></span> 
     </span>
    </p>

    <p class='ocr_par' dir='ltr' id='par_1_5' title="bbox 63 2159 1075 2678">
     <span class='ocr_line' id='line_1_17' title="bbox 63 2159 952 2252; baseline 0.002 -22"><span class='ocrx_word' id='word_1_106' title='bbox 63 2165 103 2230; x_wconf 83' lang='lat'><strong>35</strong></span> <span class='ocrx_word' id='word_1_107' title='bbox 122 2165 171 2230; x_wconf 87' lang='lat' dir='ltr'><strong>Ac</strong></span> <span class='ocrx_word' id='word_1_108' title='bbox 193 2162 450 2251; x_wconf 88' lang='lat' dir='ltr'><strong>tantumpueris</strong></span> <span class='ocrx_word' id='word_1_109' title='bbox 470 2159 648 2227; x_wconf 87' lang='lat' dir='ltr'><strong>tollendum</strong></span> <span class='ocrx_word' id='word_1_110' title='bbox 669 2160 835 2252; x_wconf 89' lang='lat' dir='ltr'><strong>liquimus,</strong></span> <span class='ocrx_word' id='word_1_111' title='bbox 859 2165 952 2232; x_wconf 90' lang='lat' dir='ltr'><strong>unde</strong></span> 
     </span>
     <span class='ocr_line' id='line_1_18' title="bbox 121 2267 1005 2357; baseline 0.003 -22"><span class='ocrx_word' id='word_1_112' title='bbox 121 2268 260 2335; x_wconf 84' lang='lat' dir='ltr'><strong>Fortiter</strong></span> <span class='ocrx_word' id='word_1_113' title='bbox 282 2267 449 2348; x_wconf 85' lang='lat' dir='ltr'><strong>obstiterit,</strong></span> <span class='ocrx_word' id='word_1_114' title='bbox 472 2289 569 2357; x_wconf 88' lang='lat' dir='ltr'><strong>quem</strong></span> <span class='ocrx_word' id='word_1_115' title='bbox 591 2269 745 2357; x_wconf 85' lang='lat' dir='ltr'><strong>presserit</strong></span> <span class='ocrx_word' id='word_1_116' title='bbox 765 2267 861 2336; x_wconf 90' lang='lat' dir='ltr'><strong>ardor</strong></span> <span class='ocrx_word' id='word_1_117' title='bbox 882 2271 1005 2340; x_wconf 85' lang='lat' dir='ltr'><strong>edendi.</strong></span> 
     </span>
     <span class='ocr_line' id='line_1_19' title="bbox 121 2372 877 2459; baseline 0.001 -18"><span class='ocrx_word' id='word_1_118' title='bbox 121 2375 171 2441; x_wconf 82' lang='lat' dir='ltr'><strong>Ac</strong></span> <span class='ocrx_word' id='word_1_119' title='bbox 192 2373 270 2459; x_wconf 88' lang='lat' dir='ltr'><strong>licet</strong></span> <span class='ocrx_word' id='word_1_120' title='bbox 290 2375 380 2440; x_wconf 82' lang='lat' dir='ltr'><strong>ellari</strong></span> <span class='ocrx_word' id='word_1_121' title='bbox 400 2372 488 2449; x_wconf 85' lang='lat' dir='ltr'><strong>nullo</strong></span> <span class='ocrx_word' id='word_1_122' title='bbox 511 2383 668 2442; x_wconf 87' lang='lat' dir='ltr'><strong>renuente</strong></span> <span class='ocrx_word' id='word_1_123' title='bbox 688 2374 807 2442; x_wconf 88' lang='lat' dir='ltr'><strong>sodali:</strong></span> <span class='ocrx_word' id='word_1_124' title='bbox 875 2399 877 2403; x_wconf 72' lang='grc'>’</span> 
     </span>
     <span class='ocr_line' id='line_1_20' title="bbox 122 2478 1075 2571; baseline 0.002 -23"><span class='ocrx_word' id='word_1_125' title='bbox 122 2479 325 2571; x_wconf 85' lang='lat' dir='ltr'><strong>„Splendida</strong></span> <span class='ocrx_word' id='word_1_126' title='bbox 337 2478 512 2569; x_wconf 48' lang='lat' dir='ltr'><strong>‘fulgebant</strong></span> <span class='ocrx_word' id='word_1_127' title='bbox 531 2478 619 2546; x_wconf 87' lang='lat' dir='ltr'><strong>lauto</strong></span> <span class='ocrx_word' id='word_1_128' title='bbox 643 2483 791 2549; x_wconf 81' lang='lat' dir='ltr'><strong>convivia</strong></span> <span class='ocrx_word' id='word_1_129' title='bbox 810 2481 899 2550; x_wconf 85' lang='lat' dir='ltr'><strong>luxu.</strong></span> <span class='ocrx_word' id='word_1_130' title='bbox 907 2491 929 2531; x_wconf 85' lang='grc'><strong>”·</strong></span> <span class='ocrx_word' id='word_1_131' title='bbox 1051 2528 1053 2531; x_wconf 78' lang='lat'><em>.</em></span> <span class='ocrx_word' id='word_1_132' title='bbox 1073 2525 1075 2531; x_wconf 71' lang='lat'><em>,</em></span> 
     </span>
     <span class='ocr_line' id='line_1_21' title="bbox 122 2584 1053 2678; baseline 0.001 -23"><span class='ocrx_word' id='word_1_133' title='bbox 122 2586 352 2655; x_wconf 84' lang='lat' dir='ltr'><strong>Fervescentia</strong></span> <span class='ocrx_word' id='word_1_134' title='bbox 373 2584 554 2675; x_wconf 89' lang='lat' dir='ltr'><strong>procedunt</strong></span> <span class='ocrx_word' id='word_1_135' title='bbox 575 2585 690 2654; x_wconf 90' lang='lat' dir='ltr'><strong>dehinc</strong></span> <span class='ocrx_word' id='word_1_136' title='bbox 711 2585 765 2654; x_wconf 86' lang='lat' dir='ltr'><strong>ilia</strong></span> <span class='ocrx_word' id='word_1_137' title='bbox 785 2591 887 2678; x_wconf 88' lang='lat' dir='ltr'><strong>porci·</strong></span> <span class='ocrx_word' id='word_1_138' title='bbox 950 2626 952 2632; x_wconf 55' lang='lat'><em>2</em></span> <span class='ocrx_word' id='word_1_139' title='bbox 1051 2584 1053 2588; x_wconf 66' lang='grc'><strong>’</strong></span> 
     </span>
    </p>

    <p class='ocr_par' dir='ltr' id='par_1_6' title="bbox 65 2691 1072 3214">
     <span class='ocr_line' id='line_1_22' title="bbox 65 2691 1007 2784; baseline 0.005 -25"><span class='ocrx_word' id='word_1_140' title='bbox 65 2694 104 2759; x_wconf 76' lang='lat' dir='ltr'><strong>lo</strong></span> <span class='ocrx_word' id='word_1_141' title='bbox 126 2695 274 2783; x_wconf 84' lang='lat' dir='ltr'><strong>Tergora</strong></span> <span class='ocrx_word' id='word_1_142' title='bbox 295 2692 387 2782; x_wconf 89' lang='lat' dir='ltr'><strong>spina</strong></span> <span class='ocrx_word' id='word_1_143' title='bbox 410 2691 531 2782; x_wconf 87' lang='lat' dir='ltr'><strong>duplex</strong></span> <span class='ocrx_word' id='word_1_144' title='bbox 552 2703 649 2784; x_wconf 86' lang='lat' dir='ltr'><strong>atque</strong></span> <span class='ocrx_word' id='word_1_145' title='bbox 670 2693 820 2762; x_wconf 87' lang='lat' dir='ltr'><strong>intestina</strong></span> <span class='ocrx_word' id='word_1_146' title='bbox 841 2695 1007 2764; x_wconf 80' lang='lat' dir='ltr'><strong>bimestris</strong></span> 
     </span>
     <span class='ocr_line' id='line_1_23' title="bbox 114 2797 1034 2893; baseline 0.004 -25"><span class='ocrx_word' id='word_1_147' title='bbox 114 2800 291 2893; x_wconf 13' lang='lat' dir='ltr'><strong>*Exstaque</strong></span> <span class='ocrx_word' id='word_1_148' title='bbox 314 2797 438 2866; x_wconf 68' lang='lat' dir='ltr'><strong>diuolsa</strong></span> <span class='ocrx_word' id='word_1_149' title='bbox 458 2800 491 2865; x_wconf 89' lang='lat' dir='ltr'><strong>in</strong></span> <span class='ocrx_word' id='word_1_150' title='bbox 511 2799 628 2889; x_wconf 83' lang='lat' dir='ltr'><strong>patinis</strong></span> <span class='ocrx_word' id='word_1_151' title='bbox 648 2808 821 2868; x_wconf 75' lang='lat' dir='ltr'><strong>armet-osa</strong></span> <span class='ocrx_word' id='word_1_152' title='bbox 843 2805 1034 2893; x_wconf 76' lang='lat' dir='ltr'><strong>profundis</strong></span> 
     </span>
     <span class='ocr_line' id='line_1_24' title="bbox 124 2903 1019 3000; baseline 0.006 -26"><span class='ocrx_word' id='word_1_153' title='bbox 124 2907 210 2974; x_wconf 90' lang='lat' dir='ltr'><strong>Cum</strong></span> <span class='ocrx_word' id='word_1_154' title='bbox 233 2906 338 2994; x_wconf 84' lang='lat' dir='ltr'><strong>capite</strong></span> <span class='ocrx_word' id='word_1_155' title='bbox 358 2905 537 2972; x_wconf 84' lang='lat' dir='ltr'><strong>indevenit</strong></span> <span class='ocrx_word' id='word_1_156' title='bbox 552 2906 669 2973; x_wconf 68' lang='lat' dir='ltr'><strong>‘cervix</strong></span> <span class='ocrx_word' id='word_1_157' title='bbox 689 2903 784 2976; x_wconf 63' lang='lat' dir='ltr'><strong>&#39;elixa&#39;-</strong></span> <span class='ocrx_word' id='word_1_158' title='bbox 798 2910 943 3000; x_wconf 87' lang='lat' dir='ltr'><strong>capellae</strong></span> <span class='ocrx_word' id='word_1_159' title='bbox 1018 2955 1019 2958; x_wconf 60' lang='lat'><em>=</em></span> 
     </span>
     <span class='ocr_line' id='line_1_25' title="bbox 123 3010 1072 3105; baseline 0.008 -25"><span class='ocrx_word' id='word_1_160' title='bbox 123 3010 258 3080; x_wconf 87' lang='lat' dir='ltr'><strong>Coctilis</strong></span> <span class='ocrx_word' id='word_1_161' title='bbox 279 3012 449 3101; x_wconf 87' lang='lat' dir='ltr'><strong>innuptae,</strong></span> <span class='ocrx_word' id='word_1_162' title='bbox 472 3014 605 3080; x_wconf 88' lang='lat' dir='ltr'><strong>veniunt</strong></span> <span class='ocrx_word' id='word_1_163' title='bbox 627 3035 756 3105; x_wconf 90' lang='lat' dir='ltr'><strong>quoque</strong></span> <span class='ocrx_word' id='word_1_164' title='bbox 778 3016 916 3083; x_wconf 83' lang='lat' dir='ltr'><strong>trunculi</strong></span> <span class='ocrx_word' id='word_1_165' title='bbox 939 3029 972 3086; x_wconf 87' lang='lat' dir='ltr'><strong>et</strong></span> <span class='ocrx_word' id='word_1_166' title='bbox 993 3025 1072 3088; x_wconf 88' lang='lat' dir='ltr'><strong>armi</strong></span> 
     </span>
     <span class='ocr_line' id='line_1_26' title="bbox 125 3117 903 3214; baseline 0.005 -29"><span class='ocrx_word' id='word_1_167' title='bbox 125 3118 211 3186; x_wconf 85' lang='lat' dir='ltr'><strong>Elixi</strong></span> <span class='ocrx_word' id='word_1_168' title='bbox 232 3141 343 3214; x_wconf 89' lang='lat' dir='ltr'><strong>sparsa</strong></span> <span class='ocrx_word' id='word_1_169' title='bbox 367 3127 400 3185; x_wconf 90' lang='lat' dir='ltr'><strong>et</strong></span> <span class='ocrx_word' id='word_1_170' title='bbox 420 3117 522 3185; x_wconf 91' lang='lat' dir='ltr'><strong>multo</strong></span> <span class='ocrx_word' id='word_1_171' title='bbox 544 3118 700 3188; x_wconf 84' lang='lat' dir='ltr'><strong>salenon</strong></span> <span class='ocrx_word' id='word_1_172' title='bbox 721 3123 790 3189; x_wconf 91' lang='lat' dir='ltr'><strong>sine</strong></span> <span class='ocrx_word' id='word_1_173' title='bbox 812 3124 903 3190; x_wconf 81' lang='lat' dir='ltr'><strong>farre.</strong></span> 
     </span>
    </p>

    <p class='ocr_par' dir='ltr' id='par_1_7' title="bbox 65 3222 1062 3524">
     <span class='ocr_line' id='line_1_27' title="bbox 65 3222 1062 3316; baseline 0.007 -24"><span class='ocrx_word' id='word_1_174' title='bbox 65 3227 104 3293; x_wconf 77' lang='lat'><strong>45</strong></span> <span class='ocrx_word' id='word_1_175' title='bbox 125 3226 243 3293; x_wconf 87' lang='lat' dir='ltr'><strong>Rostra</strong></span> <span class='ocrx_word' id='word_1_176' title='bbox 267 3222 400 3307; x_wconf 88' lang='lat' dir='ltr'><strong>dehinc,</strong></span> <span class='ocrx_word' id='word_1_177' title='bbox 421 3224 586 3315; x_wconf 87' lang='lat' dir='ltr'><strong>capitella,</strong></span> <span class='ocrx_word' id='word_1_178' title='bbox 607 3227 724 3316; x_wconf 89' lang='lat' dir='ltr'><strong>pedes,</strong></span> <span class='ocrx_word' id='word_1_179' title='bbox 745 3227 875 3297; x_wconf 87' lang='lat' dir='ltr'><strong>bellaria</strong></span> <span class='ocrx_word' id='word_1_180' title='bbox 897 3253 996 3300; x_wconf 89' lang='lat' dir='ltr'><strong>succo</strong></span> <span class='ocrx_word' id='word_1_181' title='bbox 1016 3275 1019 3281; x_wconf 66' lang='grc'><strong><em>«</em></strong></span> <span class='ocrx_word' id='word_1_182' title='bbox 1061 3270 1062 3275; x_wconf 18' lang='grc' dir='ltr'><strong>κ</strong></span> 
     </span>
     <span class='ocr_line' id='line_1_28' title="bbox 125 3330 454 3421; baseline -0.012 -22"><span class='ocrx_word' id='word_1_183' title='bbox 125 3332 240 3399; x_wconf 87' lang='lat' dir='ltr'><strong>Tincta</strong></span> <span class='ocrx_word' id='word_1_184' title='bbox 264 3330 454 3421; x_wconf 85' lang='lat' dir='ltr'><strong>Cyrenaico.</strong></span> 
     </span>
     <span class='ocr_line' id='line_1_29' title="bbox 124 3437 944 3524; baseline 0.001 -18"><span class='ocrx_word' id='word_1_185' title='bbox 124 3438 201 3506; x_wconf 88' lang='lat' dir='ltr'><strong>lnde</strong></span> <span class='ocrx_word' id='word_1_186' title='bbox 224 3437 353 3505; x_wconf 87' lang='lat' dir='ltr'><strong>domata</strong></span> <span class='ocrx_word' id='word_1_187' title='bbox 374 3459 450 3504; x_wconf 87' lang='lat' dir='ltr'><strong>caro</strong></span> <span class='ocrx_word' id='word_1_188' title='bbox 474 3438 669 3507; x_wconf 80' lang='lat' dir='ltr'><strong>ferventibus</strong></span> <span class='ocrx_word' id='word_1_189' title='bbox 692 3439 813 3507; x_wconf 90' lang='lat' dir='ltr'><strong>adstitit</strong></span> <span class='ocrx_word' id='word_1_190' title='bbox 833 3440 944 3524; x_wconf 90' lang='lat' dir='ltr'><strong>undis,</strong></span> 
     </span>
    </p>

    <p class='ocr_par' dir='ltr' id='par_1_8' title="bbox 124 3544 1165 3742">
     <span class='ocr_line' id='line_1_30' title="bbox 124 3544 1165 3636; baseline 0.005 -23"><span class='ocrx_word' id='word_1_191' title='bbox 124 3545 209 3616; x_wconf 88' lang='lat' dir='ltr'><strong>Hinc</strong></span> <span class='ocrx_word' id='word_1_192' title='bbox 232 3555 344 3621; x_wconf 82' lang='lat' dir='ltr'><strong>assata·</strong></span> <span class='ocrx_word' id='word_1_193' title='bbox 359 3546 500 3612; x_wconf 83' lang='lat' dir='ltr'><strong>tremunt</strong></span> <span class='ocrx_word' id='word_1_194' title='bbox 520 3544 834 3636; x_wconf 85' lang='lat' dir='ltr'><strong>agninacaprinaque</strong></span> <span class='ocrx_word' id='word_1_195' title='bbox 856 3549 1038 3633; x_wconf 55' lang='lat' dir='ltr'><strong>membran&gt;</strong></span> <span class='ocrx_word' id='word_1_196' title='bbox 1162 3550 1165 3552; x_wconf 64' lang='grc'><strong>’</strong></span> 
     </span>
     <span class='ocr_line' id='line_1_31' title="bbox 125 3651 1030 3742; baseline 0.003 -23"><span class='ocrx_word' id='word_1_197' title='bbox 125 3652 248 3719; x_wconf 83' lang='lat' dir='ltr'><strong>Suavia</strong></span> <span class='ocrx_word' id='word_1_198' title='bbox 269 3651 448 3733; x_wconf 90' lang='lat' dir='ltr'><strong>coelicolis,</strong></span> <span class='ocrx_word' id='word_1_199' title='bbox 473 3659 506 3718; x_wconf 88' lang='lat' dir='ltr'><strong>et</strong></span> <span class='ocrx_word' id='word_1_200' title='bbox 528 3673 611 3742; x_wconf 87' lang='lat' dir='ltr'><strong>quae</strong></span> <span class='ocrx_word' id='word_1_201' title='bbox 632 3652 813 3740; x_wconf 83' lang='lat' dir='ltr'><strong>gratissima</strong></span> <span class='ocrx_word' id='word_1_202' title='bbox 835 3654 916 3722; x_wconf 84' lang='lat' dir='ltr'><strong>divis</strong></span> <span class='ocrx_word' id='word_1_203' title='bbox 1029 3728 1030 3732; x_wconf 44' lang='lat'>,</span> 
     </span>
    </p>

    <p class='ocr_par' dir='ltr' id='par_1_9' title="bbox 65 3756 927 4062">
     <span class='ocr_line' id='line_1_32' title="bbox 65 3756 898 3848; baseline 0.005 -24"><span class='ocrx_word' id='word_1_204' title='bbox 65 3756 106 3824; x_wconf 84' lang='lat'><strong>50</strong></span> <span class='ocrx_word' id='word_1_205' title='bbox 127 3757 263 3826; x_wconf 87' lang='lat' dir='ltr'><strong>Munera</strong></span> <span class='ocrx_word' id='word_1_206' title='bbox 285 3757 454 3825; x_wconf 87' lang='lat' dir='ltr'><strong>solvuntur</strong></span> <span class='ocrx_word' id='word_1_207' title='bbox 474 3759 600 3848; x_wconf 88' lang='lat' dir='ltr'><strong>superis</strong></span> <span class='ocrx_word' id='word_1_208' title='bbox 619 3759 898 3828; x_wconf 74' lang='lat' dir='ltr'><strong>fumantibus&#39;mis</strong></span> 
     </span>
     <span class='ocr_line' id='line_1_33' title="bbox 125 3863 917 3957; baseline 0.006 -25"><span class='ocrx_word' id='word_1_209' title='bbox 125 3863 243 3932; x_wconf 89' lang='lat' dir='ltr'><strong>Dulcia</strong></span> <span class='ocrx_word' id='word_1_210' title='bbox 266 3866 391 3946; x_wconf 75' lang='lat' dir='ltr'><strong>viscera</strong></span> <span class='ocrx_word' id='word_1_211' title='bbox 414 3875 505 3932; x_wconf 86' lang='lat' dir='ltr'><strong>erant</strong></span> <span class='ocrx_word' id='word_1_212' title='bbox 527 3866 783 3955; x_wconf 83' lang='lat' dir='ltr'><strong>agninoeaprina</strong></span> <span class='ocrx_word' id='word_1_213' title='bbox 797 3878 917 3957; x_wconf 74' lang='lat' dir='ltr'><strong>paratu</strong></span> 
     </span>
     <span class='ocr_line' id='line_1_34' title="bbox 129 3969 927 4062; baseline 0.003 -23"><span class='ocrx_word' id='word_1_214' title='bbox 129 3971 277 4039; x_wconf 87' lang='lat' dir='ltr'><strong>Vidimus</strong></span> <span class='ocrx_word' id='word_1_215' title='bbox 302 3981 334 4037; x_wconf 91' lang='lat' dir='ltr'><strong>et</strong></span> <span class='ocrx_word' id='word_1_216' title='bbox 355 3969 482 4061; x_wconf 89' lang='lat' dir='ltr'><strong>lepores</strong></span> <span class='ocrx_word' id='word_1_217' title='bbox 504 3972 581 4061; x_wconf 92' lang='lat' dir='ltr'><strong>poni</strong></span> <span class='ocrx_word' id='word_1_218' title='bbox 604 3971 770 4062; x_wconf 85' lang='lat' dir='ltr'><strong>gallosque</strong></span> <span class='ocrx_word' id='word_1_219' title='bbox 792 3973 927 4041; x_wconf 85' lang='lat' dir='ltr'><strong>tenellos</strong></span> 
     </span>
    </p>
   </div>
   <div class='ocr_carea' id='block_1_2' title="bbox 124 4073 1086 4277">
    <p class='ocr_par' dir='ltr' id='par_1_10' title="bbox 124 4073 1086 4277">
     <span class='ocr_line' id='line_1_35' title="bbox 125 4073 1086 4171; baseline 0.001 -27"><span class='ocrx_word' id='word_1_220' title='bbox 125 4077 344 4169; x_wconf 88' lang='lat' dir='ltr'><strong>Perdicesque</strong></span> <span class='ocrx_word' id='word_1_221' title='bbox 365 4079 448 4144; x_wconf 91' lang='lat' dir='ltr'><strong>intro</strong></span> <span class='ocrx_word' id='word_1_222' title='bbox 473 4087 506 4144; x_wconf 87' lang='lat' dir='ltr'><strong>et</strong></span> <span class='ocrx_word' id='word_1_223' title='bbox 525 4077 657 4168; x_wconf 88' lang='lat' dir='ltr'><strong>pavidas</strong></span> <span class='ocrx_word' id='word_1_224' title='bbox 679 4073 1010 4171; x_wconf 87' lang='lat' dir='ltr'><strong>volitare-palumbes.</strong></span> <span class='ocrx_word' id='word_1_225' title='bbox 1076 4124 1086 4170; x_wconf 56' lang='grc' dir='ltr'><em>χ</em></span> 
     </span>
     <span class='ocr_line' id='line_1_36' title="bbox 124 4177 1031 4277; baseline 0.001 -26"><span class='ocrx_word' id='word_1_226' title='bbox 124 4181 276 4276; x_wconf 86' lang='lat' dir='ltr'><strong>Denique</strong></span> <span class='ocrx_word' id='word_1_227' title='bbox 298 4177 529 4251; x_wconf 73' lang='lat' dir='ltr'><strong>tostorum&#39;sat</strong></span> <span class='ocrx_word' id='word_1_228' title='bbox 551 4194 620 4250; x_wconf 89' lang='lat' dir='ltr'><strong>erat</strong></span> <span class='ocrx_word' id='word_1_229' title='bbox 639 4183 856 4277; x_wconf 71' lang='lat' dir='ltr'><strong>laganumque</strong></span> <span class='ocrx_word' id='word_1_230' title='bbox 879 4182 1031 4255; x_wconf 87' lang='lat' dir='ltr'><strong>canistris.</strong></span> 
     </span>
    </p>
   </div>
   <div class='ocr_carea' id='block_1_3' title="bbox 63 4289 1002 4464">
    <p class='ocr_par' dir='ltr' id='par_1_11' title="bbox 63 4289 1002 4464">
     <span class='ocr_line' id='line_1_37' title="bbox 63 4289 906 4383; baseline 0.006 -29"><span class='ocrx_word' id='word_1_231' title='bbox 63 4289 105 4354; x_wconf 77' lang='lat'><strong>55</strong></span> <span class='ocrx_word' id='word_1_232' title='bbox 127 4289 214 4359; x_wconf 89' lang='lat' dir='ltr'><strong>Tum</strong></span> <span class='ocrx_word' id='word_1_233' title='bbox 236 4291 312 4360; x_wconf 85' lang='lat' dir='ltr'><strong>ssavi</strong></span> <span class='ocrx_word' id='word_1_234' title='bbox 333 4290 437 4359; x_wconf 87' lang='lat' dir='ltr'><strong>mellis</strong></span> <span class='ocrx_word' id='word_1_235' title='bbox 455 4293 637 4383; x_wconf 87' lang='lat' dir='ltr'><strong>niveaequc</strong></span> <span class='ocrx_word' id='word_1_236' title='bbox 657 4290 794 4381; x_wconf 89' lang='lat' dir='ltr'><strong>coagula</strong></span> <span class='ocrx_word' id='word_1_237' title='bbox 815 4291 906 4362; x_wconf 88' lang='lat' dir='ltr'><strong>lactis</strong></span> 
     </span>
     <span class='ocr_line' id='line_1_38' title="bbox 981 4401 1002 4464; baseline 0 0"><span class='ocrx_word' id='word_1_238' title='bbox 981 4401 1002 4464; x_wconf 89' lang='grc'>3</span> 
     </span>
    </p>
   </div>
   <div class='ocr_carea' id='block_1_4' title="bbox 0 0 1401 4740">
    <p class='ocr_par' dir='ltr' id='par_1_12' title="bbox 0 0 1401 4740">
     <span class='ocr_line' id='line_1_39' title="bbox 0 0 1401 4740; baseline 0 0"><span class='ocrx_word' id='word_1_239' title='bbox 0 0 1401 4740; x_wconf 95' lang='lat' dir='ltr'><strong> </strong></span> 
     </span>
    </p>
   </div>
  </div>
 </body>
</html>
