2776 4740
171 223 221 297 66

169 405 456 496 dexteritatemque
477 404 658 486 ostentandi
678 428 774 474 nemo
796 413 861 492 est,
895 410 971 500 quin
1003 409 1119 477 videat.
1135 433 1148 454 ³
1171 404 1334 499 Equidem

170 523 257 583 certe
279 513 359 580 satis
388 514 502 579 mirari
522 534 667 602 nequeo,
695 510 1008 603 quod'Eichstadius
1039 515 1087 582 de
1101 515 1213 588 Dram.
1235 514 1333 582 Com.

168 621 274 710 Satyr.
296 619 378 710 p.3l
395 619 464 710 sqq.
482 618 588 710 hujus
611 621 764 686 carminis
792 620 934 688 indolem
960 632 1031 689 tarn
1047 621 1132 693 male
1145 631 1334 712 perspexe-

97 779 100 794 .
167 729 284 809 rit,=ut,
315 747 390 791 cum
411 731 549 814 quatuor
570 723 630 791 sibi
652 719 869 817 excogitasset
889 728 1055 818 satyricae
1077 728 1215 819 poeseos
1244 737 1333 795 aeta-¹

170 843 218 900 tes
233 832 427 921 hccpor'e’ma
440 830 473 894 in
488 832 764 920 pessimaearum
777 837 995 923 excogitatum
1016 843 1152 926 putaret,
1175 856 1239 924 qua
1263 834 1333 924 qui·
1368 887 1374 904 ,

114 1004 118 1006 .
171 939 246 1006 dem
267 944 414 1028 poetae
436 938 652 1025 satyriciza
668 938 814 1028 ¹populi
843 933 1084 1014 celebritate
1100 934 1156 1008 set
1176 940 1333 1007 lumine

170 1045 335 1112 scenico·
354 1041 400 1108 ad
421 1036 673 1119 umbratilem
692 1038 1032 1115 exercitationem
1047 1037 1333 1136 scribendique

90 1173 98 1193 ¹
165 1148 429 1218 solitudinem
444 1150 750 1233 revocati,eam
771 1146 884 1219 modo
908 1153 956 1220 ad
977 1155 1074 1220 artis
1098 1153 1333 1220 affectatio-

169 1280 272 1341 nem,
292 1253 419 1322 mado
451 1255 508 1335 ad¹
525 1255 942 1346 impunelaces'sendi
963 1250 1230 1350 cupiditatem
1252 1268 1333 1324 tra-

171 1362 379 1443 ducerent,
397 1359 580 1428 dramata
596 1357 887 1455 proponentes
900 1365 1076 1456 legenda
1096 1356 1333 1457 aequalibus

168 1481 247 1537 non
279 1473 387 1538 item
413 1467 635 1557 spectanda
657 1469 897 1538 intheatris
912 1477 988 1558 ³¹).·
1006 1472 1183 1538 *Jacobus'
1204 1471 1334 1563 quidem

171 1578 258 1662 Q.*S.
273 1600 305 1667 p
316 1574 445 1642 33-to
458 1574 541 1643 hanc
563 1574 747 1668 opinionem
768 1578 890 1644 studuit
910 1572 1091 1660 retundere,
1114 1589 1146 1645 at
1161 1581 1334 1645 salissam

170 1683 303 1750 infirmis
325 1704 497 1773 aggressus
524 1680 720 1773 argumentis
741 1680 873 1775 nempe,
902 1677 990 1774 quod
1013 1687 1108 1752 etiam
1130 1678 1158 1751 si
1178 1686 1334 1774 scripturn

169 1791 266 1858 fuerit
292 1812 439 1869 carmen,
470 1799 537 1854 tam
566 1786 722 1878 'magnam
748 1811 890 1880 unquam
917 1791 1134 1859 celebritatem
1162 1800 1334 1858 nacturum

170 1898 269 1964 fuisse
290 1884 348 1963 uix
369 1894 519 1962 credibile
540 1895 590 1977 sit,
611 1917 718 1986 neque
738 1917 855 1961 caussa
869 1891 1058 1963 Philoxeno
1072 1891 1333 1966 metuendi'D'io·

170 2004 255 2092 nysii
275 2000 344 2068 ulla
362 2001 465 2068 fuerit.
509 2000 577 2068 Sed
598 2024 660 2083 res,
682 2011 718 2068 ut
739 2001 806 2068 dixi
819 2003 859 2068 in
882 2003 1013 2092 integro·
1031 2014 1090 2086 est,
1113 2004 1266 2095 quoniam
1289 2026 1331 2087 err

169 2113 241 2202 ipsa
259 2108 418 2174 carminis
457 2108 552 2198 quam
581 2107 811 2176 delineavimus
843 2111 1075 2199 compositione
1106 2133 1148 2177 ne
1178 2108 1332 2199 quidde

168 2214 390 2305 Aristophanis
422 2213 555 2304 parodia
588 2211 719 2296 addam,
750 2213 878 2303 publica
894 2215 973 2282 slux
997 2216 1136 2284 abunde
1162 2217 1330 2284 clarescat

169 2322 287 2415 Neque
307 2320 392 2388 hanc
419 2343 525 2388 meam
554 2321 745 2386 sententiam
767 2344 787 2387 a
808 2319 982 2412 Bcrgleino
1010 2320 1087 2388 mihi
1105 2324 1193 2412 eripi
1220 2323 1331 2413 patiar,

65 2495 72 2520 „
172 2430 319 2520 quamvis
350 2427 541 2508 affirmet,
571 2448 709 2493 ascsna
736 2425 967 2509 talecarmen,
999 2429 1086 2520 quod
1106 2451 1213 2519 neque
1234 2449 1332 2495 verus

174 2533 394 2624 dithyrambos
416 2555 521 2624 neque
544 2522 656 2599 drama
675 2534 786 2615 fuerit,
803 2533 942 2601 alienum
961 2559 1042 2602 esse.
1075 2534 1160 2609 :Fuit
1181 2535 1283 2616 enim,
1304 2535 1332 2600 si

172 2640 248 2732 quid
276 2638 362 2707 aliud
390 2637 540 2721 carmen,
571 2638 712 2730 Cyclops
741 2662 838 2707 verus
868 2634 1102 2729 dithyrambos,
1134 2640 1221 2731 quod
1248 2641 1332 2707 bene

154 2746 347 2813 'affirmat
374 2745 505 2813 Fiorillo
529 2768 559 2835 p.
578 2746 637 2812 83:
668 2746 802 2830 „Credo
835 2745 1014 2837 Cyclopem
1042 2747 1083 2813 ad
1113 2745 1332 2837 dithyrambos

172 2876 245 2922 esse
267 2851 488 2934 referendum,
511 2862 544 2918 at
564 2874 719 2942 personas
740 2853 824 2919 inter
844 2876 880 2918 se
901 2851 1062 2919 locutos’*
1082 2889 1125 2902 -
1144 2851 1332 2920 Nam‘sane

171 2959 286 3031 callide
318 2959 509 3025 sententiam
535 2961 628 3026 torsit
648 2959 802 3049 finxitque
823 2957 1024 3026 Eiehstadius
1042 2958 1094 3025 'his
1121 2960 1229 3026 verbis
1253 2959 1332 3027 con·

68 3105 72 3109 ·
171 3065 335 3156 cipiendo:
355 3060 884 3154 ‚‚dithyrambicis'versibus
908 3064 953 3132 ad
976 3065 1167 3132 dramati-s
1189 3065 1332 3135 simili·

171 3164 654 3239 tudinem‘conformatis”
687 3173 866 3239 constitisse
882 3170 1078 3263 Cyclopem,
1102 3195 1184 3262 quae
1206 3173 1333 3262 repetiit

170 3277 361 3370 Bergleinus
384 3277 469 3367 pto
490 3300 555 3345 non
579 3278 836 3345 dissentientibus
858 3277 954 3345 docto
976 3278 1121 3344 Brittano
1136 3279 1169 3345 in
1185 3278 1333 3368 Monthly

171 3383 307 3452 Rcuiew
333 3406 365 3474 p.
385 3385 448 3450 799
470 3387 542 3451 Jan.
572 3408 602 3474 p.
623 3369 692 3452 100.
728 3384 810 3454 God.
839 3381 1030 3453 Hermanno
1047 3385 1084 3456 A.
1100 3366 1144 3452 ῙΡ.
1167 3404 1203 3476 p:
1214 3387 1273 3452 101
1301 3395 1333 3452 et

209 3650 245 3719 ²¹)
264 3653 294 3704 ln
318 3666 374 3728 quo
396 3650 500 3729 judicic
524 3651 696 3718 Bergleinum
725 3668 753 3720 p.
770 3652 815 3719 56,
837 3653 854 3706 7
878 3666 987 3719 prorsus
1015 3649 1097 3705 habet
1122 3648 1332 3704 assentientem:

241 3737 380 3806 „Quodsi
397 3738 555 3792 aristoteles
574 3737 683 3796 Rhetor.
697 3738 744 3800 lll,
765 3740 808 3790 12.
844 3737 1055 3792 Chaeremonem
1073 3753 1128 3789 una
1145 3753 1206 3790 cum
1224 3736 1332 3801 Licym-

240 3826 287 3879 nio
305 3831 385 3895 poeta
405 3826 487 3892 lyrico
511 3825 582 3877 inter
607 3817 829 3893 ἀναγνωάτικούς
853 3824 936 3877 refert
959 3830 1054 3894 poetas
1077 3840 1190 3892 quorum
1212 3816 1333 3875 cannino

238 3897 357 3980 legenda
373 3913 463 3981 potins
486 3912 542 3965 sint
564 3911 723 3979 aequalibus
741 3927 821 3979 quam
832 3910 867 3964 iu
884 3911 973 3965 scenis
995 3911 1187 3967 committenda
1206 3913 1240 3963 et
1253 3925 1333 3978 spee-

239 4001 323 4063 tanda
341 4001 435 4053 eadem
453 3998 516 4051 milri
533 3998 603 4052 ratio
625 4001 714 4051 valere
731 3996 845 4050 'videtur
870 3999 903 4050 de
916 3989 1040 4068 Cyclope
1058 3994 1216 4069 Philoxeni,
1240 4011 1331 4064 eoque

203 4074 204 4079 ¹
239 4085 326 4152 magis
344 4101 397 4152 quc
416 4084 556 4138 afabulae
574 4085 698 4140 scenicae
720 4084 811 4154 speeie
835 4085 942 4152 longius
964 4083 1075 4151 abfuit'f
1093 4122 1209 4140 .....
1245 4083 1329 4152 „Nisi

194 4163 198 4175 '
239 4175 270 4236 tu
288 4169 358 4223 forte
376 4176 454 4239 putas
472 4170 666 4239 dithyrambum
684 4170 766 4225 etiarn
782 4171 867 4241 illum,
883 4190 937 4242 quo
955 4178 1036 4242 poeta
1045 4164 1193 4226 mensarum
1206 4168 1327 4237 lautitias

186 4278 187 4281 ¹
208 4264 221 4290 ·.
238 4261 398 4324 persecutus
416 4263 458 4313 est
474 4259 589 4314 scenicis
605 4259 752 4315 luminibus
772 4258 935 4314 illustratum
952 4254 1045 4312 esse?
1095 4280 1097 4283 ·
1137 4269 1140 4277 ²
